2956 4980
157 243 237 299 210
380 205 543 299 Literae
569 207 762 297 Senatus
789 197 1058 332 Anglicani.

159 376 300 456 suntin
322 375 433 456 nobis
452 404 611 484 quoque
631 374 729 466 effe3
747 372 864 454 ·haud
884 374 1112 470 nescientes,
1129 377 1301 484 quamvis

159 491 300 568 divinae
317 489 575 567 Providentiae
594 487 721 566 visum
741 487 786 566 fit
812 506 973 595 gentem
1000 485 1105 568 hanc
1135 485 1217 569 tim
1239 489 1300 568 be·

161 599 281 708 nigne
300 618 340 680 et
359 598 511 709 placide
532 599 754 709 respicienti
774 618 971 708 receptam
992 600 1100 711 apud
1116 627 1188 681 nos
1202 603 1312 710 prio-'

163 716 214 793 ris
227 713 431 819 regiminis
442 710 615 791 formam
627 713 667 791 in
681 710 822 790 melius
834 711 1168 805 mutare,easdem
1179 731 1294 792 tamen

163 826 348 933 utrinque
380 825 563 916 rationes,
595 824 732 902 eadem
764 824 806 901 in
836 851 1051 904 commune
1081 825 1292 919 commoda,

164 941 335 1017 eundem
363 935 503 1015 mutub
527 934 641 1015 usum
667 957 785 1043 atque
809 935 980 1016 liberum
1003 940 1291 1029 commercium,
1333 956 1336 987 ¹

164 1077 250 1157 quae
268 1049 466 1157 pactiones
485 1049 634 1157 priores
656 1069 696 1126 et
720 1045 867 1128 soedera
891 1048 991 1129 inter
1011 1068 1219 1158 utramque
1236 1077 1291 1127 na·
1332 1094 1336 1121 ι

164 1165 316 1241 tionem
341 1179 593 1268 pepererunt,
614 1161 834 1239 etiamnum
854 1160 993 1240 durare
1013 1162 1177 1270 vimque
1200 1162 1289 1270 prio·
1334 1176 1336 1267 ξ

165 1301 250 1352 rem
265 1272 456 1364 obtinere,
475 1270 652 1379 utrasque
668 1273 789 1351 etiam
801 1270 975 1379 obligare
989 1292 1033 1352 ut
1052 1300 1290 1353 communem
1332 1334 1336 1381 3

164 1386 258 1465 dent
277 1411 439 1493 operam
461 1383 624 1463 Foedera
640 1383 707 1463 illa
726 1380 846 1491 quam
867 1382 1066 1465 utilillrma
1081 1385 1154 1464 fibi
1172 1405 1291 1489 mutuo
1333 1412 1336 1473 ς

166 1498 362 1576 reddendo
382 1516 425 1574 ut
445 1496 661 1575 amicitiam
681 1523 840 1603 quoque
863 1498 1111 1605 propriorem
1130 1526 1177 1579 ac
1195 1496 1292 1579 stabi-
1333 1486 1336 1495 ’

165 1610 305 1690 liorem
337 1609 462 1687 indies
493 1607 677 1700 reddant3
723 1608 912 1715 Cumque
938 1609 1085 1689 Vestrae
1112 1608 1292 1716 Majeslati
1334 1612 1336 1659 :

164 1721 356 1831 placuerit
380 1748 425 1799 ea
449 1718 626 1828 persequi
655 1719 814 1799 confilia
844 1747 931 1827 quae
957 1721 999 1799 in
1028 1722 1154 1801 literis
1179 1723 1294 1803 vestris
1334 1758 1336 1793 ε

166 1835 283 1938 regiis
296 1831 433 1941 scripta
446 1831 547 1924 sunt,
561 1830 855 1911 Parlamentum
870 1831 1008 1911 eadem
1019 1835 1294 1943 amplefiticum

166 1945 362 2024 alacritate
374 1945 486 2022 omni
502 1971 546 2021 ac
559 1943 635 2023 fide
650 1964 830 2053 paratum
845 1944 934 2038 erit,
950 1971 1074 2053 eaque
1089 1948 1225 2031 onmia
1239 1972 1295 2055 pro

168 2056 273 2135 virili
294 2055 359 2135 suri
379 2074 486 2163 parte
506 2054 684 2136 conferre
702 2083 788 2163 quae
811 2054 928 2135 illum
951 2056 1000 2135 ad
1020 2057 1144 2138 finem
1163 2060 1296 2139 condu-

167 2196 255 2248 cere
275 2166 590 2262 arbitrabuntur;
623 2168 770 2276 sibique
796 2167 1040 2276 persuadent,
1063 2170 1298 2277 Majeslatem

166 2281 347 2361 Vestram
373 2278 447 2359 hac
473 2281 521 2359 de
540 2278 668 2368 causa,
689 2308 733 2359 ea
758 2280 897 2359 itidem
922 2281 1081 2361 confilia
1102 2304 1297 2393 capturum

167 2393 239 2473 else
256 2393 304 2472 ad
324 2391 426 2473 hanc
446 2391 627 2501 rempub.
650 2391 860 2501 spestantia
873 2391 957 2498 (cui
975 2396 1096 2474 etiam
1115 2397 1297 2504 provisum

169 2506 289 2614 pastis
309 2504 502 2612 prioribus
523 2504 593 2610 est)
623 2533 708 2610 quae
731 2503 779 2582 ad
805 2502 916 2582 hasce
939 2532 998 2583 res
1022 2506 1152 2588 facere
1175 2508 1298 2618 poffint

167 2617 215 2694 ab
237 2615 442 2718 Majestate
463 2617 601 2695 Vestra
626 2616 737 2695 nobis
761 2612 840 2695 tam
867 2617 1117 2724 cupientibus
1141 2619 1296 2731 propoli·

168 2746 237 2806 tas.
298 2728 592 2807 Parlamentum
617 2731 762 2807 interea
788 2726 988 2832 Majestati
1007 2731 1155 2811 Vestrae
1178 2762 1221 2814 ac
1239 2760 1296 2842 po·

167 2840 263 2949 pulo
284 2838 528 2919 foelicitatem
550 2839 810 2949 prosperaque
831 2840 965 2918 omnia
983 2862 1178 2950 precatur.

227 2953 347 3032 Datis
368 2954 423 3030 W
418 2953 674 3061 estmonasterio
693 2950 750 3031 die
761 2951 893 3061 April.
909 2955 991 3032 An.
1007 2955 1121 3035 Dom.
1147 2959 1196 3037 16
1201 2982 1260 3064 52.

393 3077 474 3155 Sub
492 3075 888 3204 SigillooParlamenti
911 3074 1130 3205 subscripsit
1142 3080 1222 3187 ejus
1239 3105 1294 3157 no

471 3215 698 3380 Prolocmuiii
708 3185 1124 3410 Ia'taqufinielrttilolileilsfib.
1147 3303 1295 3412 Anglru·

171 3648 454 3726 Parlamentum
476 3644 632 3754 Reipub.
656 3645 812 3750 Angliae
831 3645 1034 3754 illustribus
1056 3668 1096 3730 et
1117 3645 1300 3760 magnficis

227 3759 552 3838 Hanseaticarum
585 3758 797 3838 Civitatum
827 3758 1112 3867 Procorfirlibur
1134 3795 1183 3845 ac
1207 3766 1302 3844 Sena·

225 3872 381 3965 toribus,
403 3868 592 3949 Salutem.

170 4055 427 4162 Ampliffimi,
448 4054 649 4162 magnifici
670 4074 709 4134 et
731 4053 956 4163 spectabiles
976 4058 1080 4153 Viri,

424 4168 542 4246 amici
562 4165 799 4260 chariffimi;

254 4291 517 4371 Arlamentum
537 4289 710 4399 Reipubl.
730 4292 887 4398 Angliae
907 4291 1037 4374 literas
1058 4295 1202 4379 vestras
1216 4296 1314 4391 sexto

281 4405 438 4483 decimo
463 4402 658 4510 Januarii
678 4401 861 4510 proxime
881 4404 1000 4515 elapsr
1030 4406 1155 4502 datas,
1227 4435 1317 4518 tque

167 4516 336 4595 vestrum
359 4515 564 4623 publicum
587 4514 823 4594 Ministrum
845 4517 1003 4597 Leonem
1021 4517 1070 4599 ab
1093 4520 1158 4599 Αἰ
1263 4520 1321 4600 al-
