2956 4980
161 253 217 336 54
571 214 697 308 Artis
724 214 906 345 Logicae
948 240 954 257 '
1096 212 1205 311 Lib.
1236 255 1272 309 1.

216 392 457 497 Qanquam
473 389 582 468 enim
591 388 702 469 causa
711 390 840 469 omnis
853 390 1057 471 effentialis
1066 390 1307 484 differentiae,

159 496 295 580 formae
325 501 507 608 primitus
532 500 588 579 est
614 502 869 609 reliquarum,
899 522 1133 611 argumenta
1158 503 1308 611 reliqua

158 612 426 704 consentanea,
440 631 484 692 ut
498 630 597 721 quot
612 614 739 692 modis
755 613 969 694 consentire
986 616 1153 695 totidem
1168 615 1307 694 diffen-

159 723 232 802 tire
258 752 317 803 res
344 724 537 817 dicantur,
565 724 676 803 causa
703 752 847 833 nempe
866 727 928 805 vel
954 727 1110 820 effecto
1140 726 1308 831 subjecto

160 836 221 914 vel
240 836 436 942 adjuncto,
457 837 567 915 modi
587 854 717 916 tamen
738 864 889 931 omnes,
908 837 1050 943 quibus
1075 865 1135 917 res
1153 839 1257 916 inter
1274 837 1308 915 se

161 948 350 1027 differunt
376 947 438 1026 vel
472 951 620 1027 ratione
652 948 798 1028 scilicet
823 948 886 1028 vel
912 977 967 1043 re,
995 976 1074 1028 oon
1097 953 1309 1029 tractantur

161 1061 230 1138 nifi
246 1062 285 1138 in
301 1059 559 1154 diffentaneis‚
573 1060 634 1138 vel
654 1060 681 1138 fi
700 1079 990 1169 comparantur,
1005 1060 1047 1139 in
1061 1064 1308 1169 comparatis.

162 1172 281 1250 Unde
302 1171 400 1250 illud
420 1198 561 1277 genere
582 1172 643 1250 vel
670 1171 796 1280 specie
815 1171 986 1267 differre,
1007 1171 1107 1252 nihil
1128 1173 1238 1253 aliud
1257 1174 1310 1252 est

160 1280 281 1390 quim
301 1285 506 1362 communi
520 1282 582 1362 vel
603 1285 758 1392 propria
777 1283 919 1379 forma,
931 1312 1101 1396 quarum
1118 1286 1188 1365 illa
1207 1284 1310 1395 sym·

160 1395 249 1475 bola
269 1396 369 1489 sunt,
391 1414 435 1474 ut
454 1393 555 1474 infra
573 1396 738 1475 dicetur.

435 1781 559 1864 CAP.
582 1782 743 1862 XVIII.
775 1785 839 1863 De
859 1782 1037 1864 Panibus.

261 1978 279 2017 v:
301 1970 309 1979 '
336 1982 343 2025 ³
358 1963 569 2068 Rgumenta
573 1960 761 2071 ſsmpliat‘a
775 1962 832 2041 ita
835 1963 1005 2071 fuerunt
1018 1964 1056 2045 in
1072 1964 1314 2073 corfintaneis

285 2082 338 2181 ‘N
384 2092 420 2153 et
439 2073 679 2182 dtfflntaneis.

443 2188 670 2292 Comparata
688 2183 787 2290 stant
814 2203 1034 2292 argumenta
1055 2187 1199 2296 prima,
1230 2220 1312 2301 qua

160 2310 174 2335 ⁹
248 2303 265 2335 ⁰
302 2313 331 2332 '
383 2296 534 2399 interst
553 2315 829 2406 comparantur.

219 2410 397 2517 Simplex
423 2437 553 2488 rerum
579 2408 733 2489 affectio
758 2409 1050 2517 comparatione
1077 2412 1184 2519 prius
1213 2430 1314 2492 trac·

161 2521 275 2601 tanda
296 2519 396 2599 fuit:
428 2517 530 2599 hanc
549 2522 657 2599 enim
678 2522 705 2599 fi
725 2548 916 2614 removes,
935 2541 1160 2630 comparata
1179 2526 1315 2604 omnia

160 2653 227 2711 aut
240 2631 495 2710 consentanea
510 2652 624 2712 erunt
639 2652 707 2713 aut
721 2631 968 2711 diffentanea.
1029 2633 1200 2715 Platonis
1219 2635 1314 2717 doc·

161 2745 262 2823 trina
282 2761 322 2821 et
337 2743 583 2850 Xenophontis
603 2764 692 2824 ante
712 2743 890 2848 adjuncta
906 2745 1062 2852 utrique
1082 2747 1315 2855 eratquim

161 2874 398 2963 comparata.
446 2856 544 2934 Sunt
558 2873 781 2963 argumenta
794 2857 922 2964 prima
939 2883 1014 2934 non
1032 2877 1128 2951 orta,
1141 2886 1189 2939 eo
1205 2860 1316 2968 qubd

162 2986 259 3060 orta,
290 2986 334 3047 ut
368 2967 519 3077 patebit
549 2967 664 3060 infra,
695 2970 858 3047 eandem
890 2967 1035 3049 habent
1062 2970 1315 3051 affectionem

161 3108 254 3160 cum
276 3082 414 3188 primis
430 3082 534 3158 unde
549 3099 633 3159 orta
649 3078 758 3172 sunt;
790 3099 1013 3187 comparata
1033 3082 1100 3159 etsr
1120 3082 1315 3194 fimplicia

163 3193 270 3300 prius
290 3191 413 3284 fuere,
435 3192 674 3300 fimplicium
703 3209 833 3271 tamen
860 3191 1108 3272 affefflonem
1137 3222 1219 3275 non
1242 3194 1314 3276 ha-

163 3302 271 3381 bent.
303 3304 462 3408 Interst
482 3321 774 3411 comparantnr;
795 3304 986 3382 nimirum
1005 3332 1090 3413 quae
1108 3304 1197 3385 sunt
1217 3308 1317 3414 ejus·

164 3415 256 3493 dem
276 3414 453 3520 generis:
485 3442 626 3521 genera
641 3434 774 3494 autem
790 3414 1011 3495 distributio
1027 3444 1124 3496 mox
1138 3419 1314 3502 docebit.

165 3527 289 3606 Nunc
309 3526 563 3634 proprietates
582 3522 899 3636 comparatorum
919 3527 1005 3607 sunt
1023 3529 1210 3609 diceodae.

223 3640 449 3745 Comparata
467 3639 535 3743 etst
551 3637 628 3747 ipsa
646 3638 926 3747 comparationis
948 3658 1090 3720 natura
1107 3670 1211 3752 aeque
1229 3662 1318 3725 nota

149 3749 272 3856 stant;
302 3767 467 3830 attamen
486 3750 645 3830 alterum
665 3753 782 3830 altero
802 3750 919 3831 alicui
941 3752 1061 3832 notius
1079 3774 1117 3837 et
1135 3754 1319 3864 illustrius

162 3862 226 3971 effe
245 3860 359 3941 debet.

222 3974 305 4051 Ubi
325 3973 402 4052 hoc
420 3973 717 4065 advertendum,
738 4001 815 4052 non
840 3972 904 4053 sua
930 3973 993 4054 sed
1012 3980 1318 4086 comparationis

164 4103 301 4164 natura
320 4084 400 4164 dici
419 4084 526 4193 aeque
548 4104 638 4163 nota
661 4084 734 4162 effe
753 4105 991 4193 comparata.
1053 4089 1113 4167 Ita
1132 4088 1237 4184 sunt,
1260 4094 1318 4172 in·

164 4198 268 4305 quis,
284 4216 324 4274 et
344 4197 461 4274 relata
476 4198 515 4273 vi
537 4196 757 4288 relationis;
785 4197 912 4275 immo
931 4218 1164 4306 argumenta
1182 4205 1320 4284 omnia

163 4337 249 4417 quae
269 4309 388 4386 etiam
409 4307 528 4385 relata
547 4307 647 4385 sunt.
707 4308 777 4399 At,
794 4309 971 4417 inquam,
987 4312 1124 4391 relatio
1143 4332 1185 4393 et
1202 4342 1319 4396 com-

163 4421 313 4529 paratio
338 4447 416 4497 non
443 4418 530 4497 sunt
550 4419 681 4510 idem3
714 4437 753 4498 et
778 4420 927 4527 reliqua
954 4442 1202 4533 argumenta,
1222 4446 1265 4508 et
1293 4429 1319 4507 fi
