2956 4980
56 184 60 193 ’
158 209 236 287 216
389 194 552 287 Literae
579 197 772 286 Senatus
798 187 1068 322 Anglicani.

157 526 373 636 Responsum
387 526 551 606 confilii
569 528 696 605 Status
711 526 764 605 ad
771 527 1055 636 Replicationem
1068 526 1305 608 Dominarum

215 642 443 747 Legatorum
458 637 1078 746 Extraordinoriorumserenffmi
1087 641 1212 748 Regis
1225 642 1305 720 Da·

215 753 286 831 niae
305 770 342 831 et
363 752 603 857 Norwegiae,
619 750 877 862 Commtfforiis
891 750 1042 855 Conſslii
1053 751 1252 846 traditam,
1264 751 1318 832 ad
1331 752 1353 762 “

214 863 433 973 Resporfitm
448 862 544 942 illud
559 863 655 972 quod
670 862 828 944 reddidit
844 862 1046 942 Concilium
1061 862 1116 944 ad
1129 883 1309 974 quatuor·

214 975 326 1056 decim
345 1004 467 1055 eorum
480 975 748 1084 postulationes.

244 1149 426 1228 Radiuis
441 1148 628 1227 Dominis
649 1149 808 1257 Legatis
829 1167 872 1227 ut
893 1147 1048 1229 satisfiat
1061 1149 1110 1228 de
1131 1146 1309 1258 responso

274 1261 448 1339 Concilii
469 1262 516 1340 ad
540 1262 741 1368 quintum,
763 1261 932 1353 sextum,
953 1260 1184 1369 septimum,
1204 1263 1308 1340 oeta-

160 1400 270 1465 vum,
288 1392 327 1452 et
345 1400 494 1454 nonum
511 1373 735 1465 articulum,
754 1371 953 1453 assentitur
967 1373 1199 1453 Concilium
1219 1370 1309 1453 huic
1351 1407 1353 1411 ·

160 1483 334 1592 sequenti
361 1484 537 1564 clausulae
566 1485 631 1563 suo
664 1483 934 1594 responsorum
965 1483 1041 1564 fine
1072 1483 1308 1590 adjiciendae.

160 1597 372 1690 Videlicet,
391 1599 531 1676 Praeter
546 1597 630 1676 illas
644 1599 831 1690 coloniae,
849 1594 1003 1690 insulas,
1020 1616 1155 1704 portus
1173 1615 1213 1676 et
1228 1597 1310 1676 loca

159 1709 199 1784 in
220 1710 338 1815 partis
359 1708 578 1793 alterutrius
599 1710 763 1802 ditione,
785 1709 833 1788 ad
851 1737 938 1817 quae
961 1710 1045 1789 loca
1066 1710 1223 1816 nequis
1244 1737 1310 1790 ue-

159 1821 337 1925 gotiandi
357 1839 423 1899 aut
442 1824 673 1900 commercii
702 1820 871 1900 habendi
895 1820 1008 1900 causi
1031 1822 1204 1914 accedat,
1225 1823 1310 1927 lege

159 1950 320 2012 cautum
340 1932 409 2026 est,
432 1932 501 2011 nisi
521 1934 728 2040 impetrati
758 1935 865 2041 prius
891 1933 973 2039 ejus
993 1935 1113 2041 partis
1133 1934 1311 2013 Licentia

159 2043 315 2151 speciali
336 2044 382 2122 ad
403 2072 523 2152 quam
545 2045 609 2123 illa
630 2047 798 2138 colonia,
821 2044 958 2138 insula,
974 2064 1124 2153 portus,
1140 2064 1209 2126 aut
1228 2047 1311 2126 loca

158 2156 430 2264 pertinuerint.

217 2267 411 2377 Receptio
446 2267 674 2376 cujusquam
705 2271 746 2347 in
781 2295 921 2348 navem
948 2296 1034 2375 quae
1062 2267 1102 2347 in
1131 2266 1311 2361 flumina,

159 2400 308 2490 portus,
329 2400 396 2462 aut
416 2382 516 2460 finus
537 2381 759 2460 alterutrius
780 2381 899 2489 partis
923 2378 1125 2490 compulsa
1148 2384 1227 2460 erit
1245 2408 1313 2460 na·

160 2521 249 2571 vern
270 2493 381 2571 illam
402 2494 473 2572 ulli
489 2491 719 2572 exhibendae
735 2492 920 2571 molestiae
935 2510 1002 2572 uut
1016 2491 1314 2600 perscrutationi

160 2632 208 2682 ex
238 2604 415 2712 responso
440 2605 612 2683 Concilii
642 2606 689 2684 ad
717 2604 926 2683 articulum
956 2605 1214 2684 undecimum
1241 2605 1314 2683 ob-

160 2718 320 2794 noxiam
341 2743 418 2794 non
439 2715 569 2808 faciet,
591 2715 930 2824 quemadmodum
950 2717 1121 2826 praeditti
1143 2717 1315 2796 Domini

160 2828 301 2935 Legati
322 2829 360 2905 in
383 2829 635 2939 replicatione
657 2828 721 2906 sua
741 2828 923 2907 videntur
946 2827 1193 2922 intellexisse,
1214 2857 1313 2938 prae-

160 2959 339 3049 terquam
361 2942 430 3020 ubi
455 2941 521 3019 illa
542 2941 714 3048 receptio
741 2959 875 3019 contra
896 2942 1037 3048 Leges,
1059 2942 1225 3034 Statuta,
1247 2961 1316 3022 aut

160 3079 314 3133 morem
336 3055 440 3132 illius
460 3054 537 3133 loci
558 3053 627 3145 est,
646 3053 685 3130 in
703 3080 782 3160 quo
800 3052 866 3130 illa
883 3055 989 3132 navis
1005 3071 1165 3160 portum
1180 3053 1315 3163 capes·

160 3165 263 3259 serit,
285 3195 362 3274 qua
394 3166 434 3243 in
467 3193 507 3243 re
532 3165 685 3243 videtur
714 3165 898 3243 Concilio
929 3163 1029 3243 nihil
1061 3164 1174 3244 statui
1206 3165 1316 3273 quod

160 3278 292 3356 durius
313 3278 371 3371 fit,
385 3276 447 3355 sed
467 3276 573 3385 quod
596 3275 793 3384 utriusque
816 3277 990 3385 Reipub.
1006 3277 1130 3356 Saluti
1147 3278 1193 3356 s1t
1206 3277 1315 3386 aequie

159 3390 420 3468 conducibile.

219 3502 341 3612 Qod
369 3501 416 3579 ad
444 3499 692 3609 probandum
720 3527 781 3604 qu
773 3497 920 3579 usnam
947 3499 1105 3628 proprie
1131 3529 1250 3583 naves
1275 3521 1315 3580 et

162 3611 262 3691 bona
296 3613 361 3690 illa
393 3632 506 3692 erunt
536 3641 621 3720 quae
657 3613 697 3689 in
729 3610 932 3718 naufragio
964 3611 1053 3716 ejici
1084 3615 1313 3707 acciderint,

161 3725 389 3806 Concilium
411 3725 607 3803 existimat
626 3723 772 3802 necesse
787 3723 860 3802 elle
874 3723 1149 3854 jusjurandum
1168 3726 1285 3807 dari
1274 3754 1314 3804 tn

161 3836 237 3917 illis
271 3840 388 3918 curiis
415 3865 501 3945 quae
531 3838 580 3916 ad
604 3833 827 3941 hujusmodi
855 3835 983 3916 causas
1018 3856 1084 3916 aut
1107 3837 1193 3945 jam
1227 3838 1314 3917 sunt

161 3950 375 4030 constitutae
403 3969 469 4029 aut
495 3967 609 4028 erunt
635 3949 925 4040 constituendae,
947 3947 1016 4026 ubi
1042 3977 1120 4056 qua
1148 3951 1216 4029 illa
1244 3949 1313 4029 fibi

160 4062 366 4141 vendicant
386 4060 512 4140 audiri
540 4059 679 4168 finguli
708 4061 848 4170 poffint
868 4080 907 4139 et
924 4060 1146 4169 cujusque
1130 4090 1195 4169 Jus
1215 4090 1313 4170 cog·

162 4172 266 4252 nosci
299 4202 342 4251 ac
373 4173 591 4278 dijudicari,
623 4172 729 4279 quod
762 4171 913 4280 scriptis
952 4172 1198 4266 testimoniis,
1227 4203 1313 4284 quae

120 4323 122 4326 ·
160 4288 279 4392 vulgo
303 4285 523 4391 Certficota
545 4304 833 4391 nuncupantur,
855 4304 936 4364 tam
962 4282 1064 4364 clare
1092 4305 1210 4395 atque
1238 4287 1314 4365 dis-

162 4397 279 4478 tinste
301 4399 384 4478 fieri
406 4425 481 4477 non
503 4397 641 4504 potest,
665 4397 767 4475 unde
796 4396 911 4476 multi
937 4394 1110 4504 scrupuli
1129 4425 1175 4477 ac
1193 4399 1313 4478 dubi·

159 4513 321 4590 tationes
350 4510 512 4589 existere
542 4527 759 4617 poterunt,
769 4507 901 4587 multae
934 4509 1053 4587 etiam
1082 4508 1236 4590 fraudes
1268 4538 1313 4591 ac
