2956 4980
150 840 396 960 Autoris
419 842 774 963 Prolusrones
804 849 1073 1009 quaedam
1093 849 1397 972 Oratoriae.

557 1034 612 1124 In
638 1025 873 1159 Collegio,
899 1023 998 1128 &a

389 1267 524 1345 Utrum
544 1265 641 1345 Dies
658 1295 708 1345 an
728 1266 819 1344 Nox
831 1266 1172 1375 praestantt‘orstt?

274 1447 350 1542 ‘f
402 1429 591 1538 Criptum
615 1428 702 1537 post
725 1427 761 1508 se
787 1428 979 1536 reliquere
1006 1431 1143 1538 paffim
1168 1431 1349 1511 Nobilis-

220 1573 262 1644 ⁴,
317 1603 333 1615 μ
429 1540 516 1619 s1mi
533 1541 681 1650 quique
696 1539 918 1621 Rhetoricae
938 1543 1137 1650 Magistri,
1149 1543 1257 1651 quod
1276 1572 1349 1622 nec

217 1729 219 1731 ,
262 1748 305 1766 ,1
335 1643 389 1760 Ἣ
428 1681 496 1733 vos
525 1652 725 1761 praeteriit,
760 1653 1005 1748 Academici,
1038 1657 1080 1733 in
1109 1683 1348 1762 unoquoque

311 1744 384 1798 Μ
428 1763 585 1844 dicendi
619 1791 778 1871 genere,
816 1767 891 1844 five
921 1767 1239 1859 demonstrativo,
1272 1769 1348 1847 five

196 1876 465 1971 deliberativo,
488 1876 562 1955 five
576 1876 770 1980 judiciali,
787 1875 836 1955 ab
856 1879 1086 1987 aucupanda
1105 1879 1348 1960 Auditorum

195 1990 322 2099 gratia
348 1989 556 2069 exordium
580 1989 672 2067 duci
691 2007 895 2097 oportere;
926 1991 1074 2098 alioqui
1095 2019 1167 2070 nec
1189 2018 1347 2099 permo-

195 2103 280 2181 veri
324 2101 399 2181 offe
412 2102 654 2181 Auditorum
674 2102 840 2194 animos,
858 2129 930 2181 nec
950 2102 1102 2183 causam
1123 2131 1174 2181 ex
1192 2101 1347 2184 senten-

196 2214 251 2293 tia
280 2131 498 2293 decedere.
559 2212 678 2319 Qod
707 2212 817 2292 sires
844 2214 898 2292 ita
922 2216 993 2307 est,
1018 2242 1140 2322 quam
1168 2211 1269 2309 sane,
1298 2242 1346 2294 ne

194 2351 287 2428 vera
305 2325 558 2417 dissimulem,
580 2323 840 2403 Eruditorum
859 2327 1041 2404 omnium
1060 2323 1243 2406 consensu
1268 2326 1345 2405 fix-

194 2433 281 2517 um¹
297 2456 506 2544 ratumque
541 2437 647 2530 novi,
677 2434 864 2514 miserum
887 2436 974 2515 me!
1005 2439 1052 2515 ad
1078 2456 1240 2544 quantas
1270 2465 1345 2544 ego

194 2546 316 2630 hodie
335 2549 511 2630 redadtus
536 2547 620 2627 sum
644 2547 858 2654 angustias!
889 2549 958 2656 qui
978 2549 1018 2627 in
1039 2549 1122 2658 ipso
1144 2549 1345 2629 Orationis

195 2662 357 2741 Limine
389 2688 525 2740 vereor
558 2682 606 2739 ne
637 2659 785 2767 aliquid
816 2661 1036 2769 prolaturus
1071 2662 1142 2740 fim
1175 2662 1343 2740 minime

196 2774 444 2867 Oratorium,
465 2790 505 2851 et
523 2772 571 2851 ab
592 2771 723 2851 officio
745 2774 922 2852 Oratoris
943 2774 1072 2882 primo
1088 2791 1129 2853 et
1148 2775 1344 2881 praecipuo

192 2886 341 2966 necesse
362 2883 529 2965 habeam
549 2883 764 2964 abscedere.
823 2885 984 2964 Etenim
1004 2883 1074 2992 qul
1103 2884 1243 2994 poffim
1268 2911 1344 2990 ego

192 2998 363 3078 vestram
396 2997 545 3106 sperare
572 2995 902 3090 benevolentiam,
934 3025 1027 3076 cum
1053 2998 1094 3075 in
1126 2994 1202 3075 hoc
1234 3014 1343 3075 tanto

193 3108 398 3204 concursu,
418 3126 517 3218 quot
535 3108 659 3188 oculis
680 3110 836 3187 intueor
855 3126 913 3188 tot
932 3107 1055 3187 ferme
1075 3107 1261 3216 aspiciam
1281 3109 1344 3186 in·

190 3220 290 3302 'festa
309 3222 351 3300 in
371 3249 436 3300 me
453 3221 605 3330 capita3
632 3221 729 3299 adeo
748 3239 793 3299 ut
813 3222 959 3300 Orator
977 3218 1117 3299 venisse
1137 3220 1271 3299 videar
1294 3219 1341 3299 ad

191 3362 271 3414 non
291 3332 522 3413 exorabiles.
582 3333 760 3411 Tantum
780 3332 905 3440 potest
924 3333 971 3411 ad
993 3332 1204 3411 simultates
1220 3333 1341 3411 etiam

193 3447 234 3526 in
256 3444 407 3526 Scholis
423 3444 634 3537 aemulatio,
649 3443 711 3521 vel
726 3444 873 3523 diversa
890 3444 1038 3537 Studia,
1051 3445 1115 3524 vel
1134 3445 1175 3522 in
1196 3444 1341 3524 eisdem

192 3558 328 3638 studiis
342 3556 489 3637 diversa
501 3556 652 3663 judicia
671 3553 942 3662 sequentium;
962 3585 1038 3665 ego
1058 3585 1150 3636 vero
1170 3554 1341 3637 solicitus

192 3697 273 3749 non
292 3669 391 3763 sum,

214 3810 278 3887 Ne
295 3806 388 3887 mihi
404 3805 636 3913 Polydamas
655 3823 692 3885 et
711 3806 903 3885 Troiades
923 3805 1127 3885 Labeonem
1150 3806 1307 3887 Proetul
1321 3852 1340 3865 -

359 3919 462 4009 rint,·
485 3921 626 4024 Nugae.

191 4059 464 4137 Veruntamen
485 4084 532 4134 ne
556 4056 710 4164 penitus
730 4053 1002 4164 despondeam·
1016 4053 1210 4150 animum,
1236 4052 1340 4162 spar-

189 4171 263 4250 stm
290 4169 421 4262 video,
449 4167 490 4246 ni
521 4166 649 4260 fallor,
676 4168 746 4274 qui
779 4164 880 4245 mihi
909 4165 991 4274 ipso
1022 4164 1177 4273 aspedtu
1206 4168 1338 4260 tacito,

190 4309 313 4391 quam
332 4280 431 4360 bene
447 4279 584 4374 velint,
598 4277 703 4358 haud
723 4277 882 4359 obscure
900 4277 1117 4384 fignificant
1128 4310 1138 4373 ;
1161 4275 1340 4386 aquibus

189 4396 310 4476 etiam
349 4393 602 4501 quantumvis
641 4392 789 4499 paucis,
824 4391 1010 4504 equidem
1044 4388 1199 4498 probari
1235 4391 1340 4470 malo
