2956 4980
170 137 249 218 208
395 125 559 220 Literae
585 129 779 220 Senatus
805 118 1077 253 Anglicani.

163 301 236 380 dus
255 297 339 379 illic
359 296 502 379 habere
522 316 682 407 queant,
700 296 765 377 sed
785 299 905 378 etiam
922 315 968 377 ut
986 296 1089 379 bona
1109 295 1180 377 illa
1199 315 1240 377 et
1258 295 1317 378 fa·

162 413 329 492 cultates
349 412 637 504 Mercatorum,
651 437 747 518 quas
767 409 974 519 praedidtus
991 410 1152 490 Piattus
1169 428 1211 489 et
1228 411 1317 491 Da·

160 522 234 605 vid
246 527 367 604 Rutts
385 550 490 602 nexu
511 523 716 630 illigandas
739 540 938 615 curarunt,
961 522 1204 616 liberentur;
1235 523 1317 603 dic·

162 639 272 744 tique
290 637 347 715 rei
362 636 410 715 ad
431 636 600 714 nostram
615 631 682 713 hic
697 635 848 714 curiam
864 633 1130 727 remittantur,
1146 635 1246 742 quid
1260 634 1316 714 sui

165 750 211 828 fit
226 748 327 854 juris
347 745 485 826 in-hoc
507 748 683 826 Cavearo
702 745 773 824 fibi
791 746 1035 825 vendicando
1059 747 1148 853 lege
1174 773 1316 853 exper-

162 861 256 940 turi
321 864 415 969 Qa
435 861 533 938 inre
551 858 752 937 Celfitudo
770 858 892 937 vestra
907 876 948 936 et
964 857 1201 937 sereniffima
1218 858 1316 938 Res·

162 970 259 1082 pub.
281 969 420 1050 fecerit
439 989 479 1050 et
505 969 612 1079 quod
636 969 932 1110 aequiffimum
920 996 963 1048 m
988 969 1024 1048 se
1051 970 1122 1064 est,
1142 989 1185 1049 et
1209 970 1314 1077 quod

52 1128 61 1139 ·
162 1083 313 1163 illibata
332 1082 533 1190 utriusque
551 1081 729 1192 Reipub.
747 1081 994 1163 amicitiaest
1011 1081 1197 1188 dignum,
1210 1083 1315 1189 quod

161 1196 347 1302 denique,
368 1193 497 1274 oblata
512 1195 648 1303 quavis
663 1194 876 1287 occafione,
894 1221 980 1302 pari
967 1191 1113 1300 hujus
1133 1193 1312 1303 Reipub

160 1305 434 1388 benevolentia
456 1326 573 1414 atque
595 1306 737 1386 officiis
754 1305 1089 1415 compensabitur

247 1419 367 1499 Datis
385 1417 433 1499 ab
453 1420 514 1498 Al
496 1417 559 1498 lbb
578 1418 688 1498 Aule
705 1417 763 1499 die
783 1417 874 1498 Feb
902 1419 950 1498 16
955 1444 1023 1525 5²

462 1542 690 1657 Subscripsrt
708 1562 749 1622 et
769 1542 944 1623 Concilii
963 1542 1184 1650 Sigillum
1171 1543 1313 1653 rmpri·

583 1752 588 1762 1
710 1655 902 1736 mendum
920 1657 1084 1734 curavit

926 1768 1077 1872 Corffl'
1046 1797 1074 1847 u
1094 1765 1256 1873 Praeses

461 2138 533 2221 Ad
548 2138 736 2249 Legatum
755 2136 1013 2252 Hispanicum.

248 2316 583 2397 Excellentiffime
602 2317 796 2410 Domine,

259 2441 468 2519 Oncilium
495 2443 624 2521 Status
655 2469 750 2521 cum
777 2468 828 2520 ex
859 2441 1044 2520 mandato
1071 2439 1311 2521 Parlamenti

285 2551 452 2632 secundo
483 2553 546 2631 die
579 2555 717 2633 menfis
743 2552 893 2632 Martii
912 2572 1075 2662 accepto
1102 2554 1151 2632 de
1175 2552 1312 2634 charta

163 2664 562 2743 Excellentiaevestrae
581 2690 629 2772 17
648 2665 739 2746 Feb.
762 2664 1047 2745 Commissariis
1062 2663 1180 2769 hujus
1199 2668 1313 2746 Con-

163 2777 246 2855 cilii
266 2775 445 2856 exhibita
465 2775 788 2857 deliberationem
809 2776 948 2856 seriam
968 2776 1163 2871 habuerit,
1179 2779 1313 2886 inqua

163 2889 419 2968 Excellentiae
442 2887 574 2968 vestrae
597 2887 723 2968 visum
748 2888 804 2968 est
826 2916 1045 2998 proponere
1072 2890 1133 2968 uti
1155 2889 1314 2970 duobus

162 3001 357 3109 capitibus
377 3000 454 3079 illis
474 3002 685 3081 nominatis
705 3001 811 3110 quasr
826 3002 976 3108 praeviis
997 3000 1312 3110 responderetur,

163 3113 386 3221 responsum
400 3109 478 3192 hoc
491 3112 745 3193 Excellentiae
760 3113 892 3191 vestrae
907 3113 1151 3193 reddendum
1164 3113 1312 3193 censet.

220 3223 530 3318 Parlamentum,
551 3224 620 3303 ubi
640 3224 687 3303 ad
708 3252 753 3303 ea
772 3224 970 3332 respondit
989 3252 1075 3334 quae
1093 3224 1144 3304 ab
1160 3227 1313 3306 Excel-

163 3333 283 3415 lentia
307 3338 429 3416 vestra
454 3364 547 3415 cum
573 3338 750 3445 primum
774 3336 976 3416 audiretur
1003 3338 1200 3447 proposita
1224 3336 1312 3417 sunt

163 3467 251 3527 tum
268 3449 388 3527 etiam
403 3450 443 3527 in
464 3449 511 3528 iis
526 3448 647 3528 literis
666 3476 761 3556 quas
781 3448 829 3528 ad
846 3448 1139 3529 Serenislimum
1160 3448 1312 3559 Hispa·-

163 3560 317 3639 niarum
350 3562 505 3666 Regem
538 3560 698 3689 scripsrt,
721 3557 842 3687 quim
870 3558 939 3638 s1bi
970 3580 1080 3669 grata
1105 3589 1310 3692 quamque

163 3690 322 3780 accepta
346 3673 413 3750 illa
440 3670 561 3750 fuerit
583 3672 771 3765 amicitia,
796 3670 959 3778 ususque
983 3693 1147 3753 mutuus
1171 3676 1245 3782 qui
1270 3692 1311 3753 et

160 3785 209 3865 ab
230 3783 334 3863 illius
355 3785 484 3890 Regia
503 3784 709 3891 Majestate
728 3779 801 3863 et
787 3811 809 3861 a
826 3783 986 3863 vobis
952 3812 1034 3889 ejus
1054 3787 1218 3865 nomine
1237 3785 1311 3864 ob·

163 3897 261 3976 latus
274 3895 329 3973 est
331 3924 477 4004 ,quam
494 3896 664 4005 denique
676 3894 935 3975 deliberatum
951 3896 1021 3977 fibi
1035 3894 1155 3976 suerit
1171 3924 1309 4005 parem

14 4037 21 4047 ·
143 4006 376 4103 ‚amicitiam
391 4011 498 4116 quod
515 4007 564 4087 ad
578 4008 614 4088 se
631 4008 784 4100 attinet,
797 4007 983 4116 pariaque
998 4008 1128 4089 officia
1146 4009 1310 4090 reddere

161 4118 318 4200 uberius
338 4119 561 4199 declaravit.
908 4207 911 4214 ,

216 4231 373 4312 Exinde
385 4230 512 4310 visum
525 4231 656 4310 vestrae
668 4229 922 4310 Excellentiae
938 4257 1032 4310 cum
1047 4231 1225 4340 primurn
1239 4259 1313 4311 au-

158 4347 238 4425 dita
255 4343 296 4422 in
318 4344 501 4423 Concilio
525 4343 581 4423 est
601 4340 835 4422 Decembris
861 4369 908 4449 19
931 4341 1019 4450 styli
1038 4344 1194 4438 veteris,
1215 4342 1311 4424 huic
