2956 4980
161 205 242 313 438
441 189 733 289 Prolus10nes
747 192 998 289 oratoria.

163 366 281 474 paulo
301 386 389 447 ante
410 369 541 474 Reges
560 364 772 446 hominum
792 366 899 474 turpi
922 363 1016 471 fugi
1042 363 1223 456 stravdre,
1254 362 1312 469 ip·

164 475 323 587 samque
344 478 499 572 urbem,
524 479 647 588 ipsam
666 480 830 586 inquam
851 480 1017 570 Romam,
1043 476 1124 556 solo
1145 473 1313 555 nominis

165 606 311 668 terrore
326 610 538 700 ceperunt;
557 620 638 700 quo
657 589 760 671 facio
780 589 881 669 nihil
896 588 975 669 dici
991 607 1058 667 aut
1072 587 1171 695 fingi
1187 585 1316 695 potuit

165 700 383 806 gloriosius,
420 704 535 813 plane
564 704 670 810 quafi
700 703 822 813 ipsam
851 700 1058 780 victoriam
1086 720 1155 779 aut
1184 724 1316 778 amore

167 832 339 922 captant,
359 834 427 894 aut
446 817 485 895 vi
504 833 543 896 et
562 815 680 895 armis
699 812 996 894 exterrefaoam
1016 814 1056 891 in
1077 811 1159 892 suas
1180 806 1316 891 traxis-

167 922 250 1004 sent
264 945 406 1035 partes.
457 929 555 1007 Satis
571 926 755 1006 admirati
774 927 862 1006 estis
881 925 1107 1017 Auditores,
1129 922 1317 1032 quorsum

167 1033 250 1116 haec
270 1039 404 1117 omnia
422 1038 671 1146 protulerim,
685 1040 770 1145 jam
790 1036 970 1146 accipite.
1008 1037 1106 1116 Haec
1126 1063 1203 1143 ego
1218 1061 1317 1143 quo-

168 1148 240 1228 ties
259 1151 363 1257 apud
383 1177 448 1228 me
469 1151 599 1231 recolo
618 1152 831 1259 animoque
856 1149 1017 1257 collige,
1044 1150 1160 1228 toties
1184 1147 1318 1254 cogito

169 1264 323 1366 quantis
337 1261 484 1342 viribus
500 1262 549 1341 de
571 1263 712 1342 tuenda
731 1262 892 1343 veritate
907 1279 1099 1341 certatum
1120 1261 1181 1354 fit,
1193 1283 1320 1367 quan-

171 1372 219 1451 tis
245 1375 429 1453 omnium
453 1374 602 1469 studiis,
628 1375 783 1482 quantis
810 1374 957 1482 vigiliis
981 1372 1234 1453 contenditur
1263 1370 1319 1448 la-

169 1481 330 1565 bantem
357 1484 519 1593 ubique,
547 1505 587 1565 et
605 1485 854 1595 profligatam
874 1486 1078 1566 veritatem
1098 1485 1148 1563 ab
1167 1483 1320 1589 injuriis

170 1593 343 1675 hostium
364 1597 535 1682 affererc.
595 1599 686 1679 Nec
702 1618 834 1679 tamen
850 1596 1051 1708 prohiberi
1069 1595 1212 1706 potest,
1224 1593 1322 1703 quin

170 1704 378 1791 soediffima
406 1710 594 1791 colluvies
623 1738 802 1790 errorum
835 1708 993 1789 invadat
1029 1708 1155 1789 indies
1183 1733 1322 1787 omnes

171 1817 408 1928 disciplima,
432 1850 519 1929 quae
540 1822 705 1930 quidem
732 1840 837 1901 tanta
858 1823 899 1901 vi
921 1838 989 1901 aut
1006 1848 1157 1900 veneno
1183 1819 1323 1928 pollet,

171 1950 216 2007 ut
235 1930 298 2008 vel
317 1933 438 2011 niveae
455 1936 606 2013 veritati
621 1933 729 2013 suam
744 1935 960 2040 imaginem
977 1932 1161 2011 inducere
1181 1930 1323 2038 ualeat,

170 2060 239 2119 aut
258 2040 455 2147 sydeream
475 2045 646 2124 veritatis
670 2045 839 2154 speciem
872 2044 1000 2125 nescio
1025 2072 1105 2151 quo
1133 2041 1228 2122 fiico
1255 2040 1326 2120 fibi

76 2169 78 2174 “
172 2150 391 2251 adsciscere,
405 2156 497 2263 qui,
514 2176 557 2235 ut
570 2156 737 2250 videtur,
755 2176 836 2237 arte
851 2176 891 2236 et
906 2157 1059 2263 magnis
1072 2151 1327 2263 Philosophia

173 2261 398 2372 frequenter
411 2268 612 2376 imposuit,
626 2288 666 2349 et
681 2267 1243 2375 honores,venerationemque
1259 2268 1330 2345 uni

173 2378 326 2457 veritati
355 2378 529 2460 debitam
558 2380 627 2460 fibi
656 2381 865 2487 arrogavit.
926 2379 1049 2490 Qod
1069 2381 1107 2456 in
1135 2376 1329 2458 hodierna

173 2491 383 2594 quaestione
403 2491 532 2570 videre
560 2494 753 2603 poteritis,
782 2520 867 2600 quae
892 2493 1055 2600 quidem
1083 2518 1161 2569 non
1186 2491 1329 2569 instre-

176 2625 273 2679 nuos
293 2607 403 2682 nasta
420 2604 476 2682 est
487 2604 656 2711 pugiles,
671 2605 812 2711 eosque
828 2605 923 2683 clari
938 2604 1123 2694 nominis,
1137 2604 1164 2680 s1
1181 2602 1330 2682 relistis

175 2706 280 2790 hisce
310 2714 484 2822 partibus
515 2718 719 2796 veritatem
746 2715 939 2794 demereri
967 2714 1152 2794 mallent:
1187 2715 1331 2821 ltaque

177 2823 312 2904 nostrae
326 2854 429 2905 nunc
442 2827 516 2907 erit
527 2855 667 2935 opera,
677 2849 721 2907 ut
733 2829 938 2920 nudatum,
949 2827 1172 2936 plumisque
1188 2854 1330 2905 emen-

176 2935 314 3015 dicatis
327 2958 494 3017 exutum
507 2967 678 3019 errorem
693 2938 934 3020 deformitati
950 2938 1086 3019 nativae
1098 2937 1329 3032 reddamus;

176 3048 282 3151 quod
312 3068 355 3129 ut
378 3050 600 3159 expeditius
625 3051 692 3130 fiat
715 3051 1029 3158 gravissimorum
1047 3050 1220 3156 vestigiis
1242 3052 1333 3129 Au-

177 3155 338 3240 thorum
359 3162 608 3241 insistendum
629 3163 701 3241 esse
722 3159 824 3242 mihi
844 3161 1041 3256 existimo,
1071 3163 1332 3269 nequeenim

178 3275 468 3378 expectandum
487 3273 557 3365 est,
579 3293 623 3353 ut
642 3301 717 3381 ego
737 3275 951 3382 quicquam
968 3275 1016 3352 de
1036 3302 1127 3354 meo
1147 3272 1334 3378 adjiciam

177 3383 284 3488 quod
301 3386 436 3493 utique
453 3404 511 3464 tot
522 3387 622 3464 viros
639 3387 799 3491 ingenio
814 3386 1045 3495 praestabiles
1057 3385 1162 3493 fugit
1173 3404 1214 3464 et
1230 3413 1328 3492 prae-

181 3494 309 3571 teriit:
345 3496 492 3575 idcirco
509 3498 626 3602 *quod
657 3497 798 3576 sufficit
826 3498 874 3577 ad
906 3526 989 3576 rem
1018 3497 1330 3589 dilucidandam,

179 3631 410 3711 expromam
424 3607 866 3716 brevi,argumentoque
880 3637 960 3688 uno
976 3629 1092 3717 atque
1108 3609 1231 3688 altero
1245 3626 1333 3687 tan-

179 3743 301 3823 quam
326 3744 467 3824 aggere
488 3717 662 3813 vallabo;
694 3739 780 3799 tum
806 3722 832 3800 fi
862 3722 959 3828 quid
983 3721 1183 3812 reclamat,
1213 3740 1333 3828 atque

178 3829 304 3909 obstat
320 3830 455 3910 nostrae
471 3831 664 3909 sententiae
675 3831 841 3926 diluam,
857 3852 900 3911 ut
916 3852 1075 3941 potero;
1098 3861 1184 3940 quae
1198 3851 1333 3911 tamen

179 3943 314 4020 omnia
333 3944 466 4050 paucis
485 3942 759 4051 perstringam,
786 3963 826 4024 et
845 3943 951 4052 quas1
971 3946 1158 4028 extremis
1178 3943 1249 4023 alis
1270 3971 1332 4022 ra-

180 4051 286 4131 dam.
349 4054 497 4133 Contra
513 4056 704 4134 unitatem
719 4054 868 4149 formae,
884 4085 1006 4164 quam
1023 4058 1063 4134 in
1080 4084 1157 4135 una
1170 4055 1332 4134 eadem-

181 4191 258 4269 que
279 4168 440 4245 materia
461 4165 624 4244 statuere
645 4166 796 4273 semper
815 4169 1077 4247 emunc‘tiores
1099 4165 1332 4274 Philosophi

181 4275 317 4369 solent,
334 4279 454 4357 varias
471 4277 675 4383 opiniones
690 4279 862 4358 subortas
880 4280 953 4358 else
971 4280 1155 4386 legimuS,
1168 4279 1333 4386 quidam

181 4389 286 4466 enim
310 4389 438 4498 plures
466 4390 504 4466 in
529 4390 688 4469 animali
717 4389 861 4470 formas
891 4392 1025 4471 totales
1050 4392 1131 4470 dari
1159 4391 1334 4498 pertina-
