<?xml version="1.0" encoding="UTF-8"?>
<!DOCTYPE html PUBLIC "-//W3C//DTD XHTML 1.0 Transitional//EN"
    "http://www.w3.org/TR/xhtml1/DTD/xhtml1-transitional.dtd">
<html xmlns="http://www.w3.org/1999/xhtml" xml:lang="en" lang="en">
 <head>
  <title>
</title>
<meta http-equiv="Content-Type" content="text/html;charset=utf-8" />
  <meta name='ocr-system' content='tesseract 3.04.00' />
  <meta name='ocr-capabilities' content='ocr_page ocr_carea ocr_par ocr_line ocrx_word'/>
</head>
<body>
  <div class='ocr_page' id='page_1' title='image "./worksjohnmilton06miltgoog_0310.png"; bbox 0 0 2956 4980; ppageno 0'>
   <div class='ocr_carea' id='block_1_1' title="bbox 413 195 1337 326">
    <p class='ocr_par' dir='ltr' id='par_1_1' title="bbox 413 195 1337 326">
     <span class='ocr_line' id='line_1_1' title="bbox 413 195 1337 326; baseline 0.003 -34"><span class='ocrx_word' id='word_1_1' title='bbox 413 197 577 293; x_wconf 82' lang='lat' dir='ltr'><strong>Literae</strong></span> <span class='ocrx_word' id='word_1_2' title='bbox 603 195 797 293; x_wconf 90' lang='lat' dir='ltr'><strong>Oliverii</strong></span> <span class='ocrx_word' id='word_1_3' title='bbox 822 202 1111 296; x_wconf 75' lang='lat' dir='ltr'><strong>Protcstoris.</strong></span> <span class='ocrx_word' id='word_1_4' title='bbox 1258 239 1337 326; x_wconf 84' lang='lat'><strong>295</strong></span> 
     </span>
    </p>
   </div>
   <div class='ocr_carea' id='block_1_2' title="bbox 158 369 1446 4408">
    <p class='ocr_par' dir='ltr' id='par_1_2' title="bbox 158 369 1446 4408">
     <span class='ocr_line' id='line_1_2' title="bbox 177 369 1336 483; baseline 0.009 -36"><span class='ocrx_word' id='word_1_5' title='bbox 177 369 457 474; x_wconf 81' lang='lat' dir='ltr'><strong>gratulantur?</strong></span> <span class='ocrx_word' id='word_1_6' title='bbox 488 375 542 453; x_wconf 88' lang='lat' dir='ltr'><strong>Et</strong></span> <span class='ocrx_word' id='word_1_7' title='bbox 558 401 626 452; x_wconf 93' lang='lat' dir='ltr'><strong>nos</strong></span> <span class='ocrx_word' id='word_1_8' title='bbox 642 372 807 481; x_wconf 85' lang='lat' dir='ltr'><strong>quidem</strong></span> <span class='ocrx_word' id='word_1_9' title='bbox 822 402 892 482; x_wconf 90' lang='lat' dir='ltr'><strong>per</strong></span> <span class='ocrx_word' id='word_1_10' title='bbox 909 375 980 453; x_wconf 90' lang='lat' dir='ltr'><strong>tria</strong></span> <span class='ocrx_word' id='word_1_11' title='bbox 999 371 1081 452; x_wconf 90' lang='lat' dir='ltr'><strong>haec</strong></span> <span class='ocrx_word' id='word_1_12' title='bbox 1100 373 1196 454; x_wconf 91' lang='lat' dir='ltr'><strong>olim</strong></span> <span class='ocrx_word' id='word_1_13' title='bbox 1215 403 1336 483; x_wconf 87' lang='lat' dir='ltr'><strong>regna</strong></span> 
     </span>
     <span class='ocr_line' id='line_1_3' title="bbox 178 479 1333 594; baseline 0.009 -36"><span class='ocrx_word' id='word_1_14' title='bbox 178 481 281 587; x_wconf 90' lang='lat' dir='ltr'><strong>quid</strong></span> <span class='ocrx_word' id='word_1_15' title='bbox 306 479 381 563; x_wconf 86' lang='lat' dir='ltr'><strong>hac</strong></span> <span class='ocrx_word' id='word_1_16' title='bbox 405 485 446 563; x_wconf 93' lang='lat' dir='ltr'><strong>in</strong></span> <span class='ocrx_word' id='word_1_17' title='bbox 471 504 580 593; x_wconf 89' lang='lat' dir='ltr'><strong>parte</strong></span> <span class='ocrx_word' id='word_1_18' title='bbox 606 485 724 564; x_wconf 89' lang='lat' dir='ltr'><strong>fimus</strong></span> <span class='ocrx_word' id='word_1_19' title='bbox 750 487 895 578; x_wconf 89' lang='lat' dir='ltr'><strong>conati,</strong></span> <span class='ocrx_word' id='word_1_20' title='bbox 919 485 1094 594; x_wconf 93' lang='lat' dir='ltr'><strong>quidque</strong></span> <span class='ocrx_word' id='word_1_21' title='bbox 1123 484 1333 583; x_wconf 88' lang='lat' dir='ltr'><strong>hortando,</strong></span> 
     </span>
     <span class='ocr_line' id='line_1_4' title="bbox 179 591 1333 704; baseline 0.009 -34"><span class='ocrx_word' id='word_1_22' title='bbox 179 591 360 688; x_wconf 89' lang='lat' dir='ltr'><strong>ferendo,</strong></span> <span class='ocrx_word' id='word_1_23' title='bbox 380 598 603 704; x_wconf 69' lang='lat' dir='ltr'><strong>praeeundo,</strong></span> <span class='ocrx_word' id='word_1_24' title='bbox 624 597 758 676; x_wconf 91' lang='lat' dir='ltr'><strong>divino</strong></span> <span class='ocrx_word' id='word_1_25' title='bbox 778 596 953 678; x_wconf 74' lang='lat' dir='ltr'><strong>maxime</strong></span> <span class='ocrx_word' id='word_1_26' title='bbox 970 598 1133 692; x_wconf 88' lang='lat' dir='ltr'><strong>auxilio,</strong></span> <span class='ocrx_word' id='word_1_27' title='bbox 1154 598 1333 680; x_wconf 89' lang='lat' dir='ltr'><strong>effeceri-</strong></span> 
     </span>
     <span class='ocr_line' id='line_1_5' title="bbox 178 708 1332 817; baseline 0.008 -34"><span class='ocrx_word' id='word_1_28' title='bbox 178 731 286 800; x_wconf 87' lang='lat' dir='ltr'><strong>mus,</strong></span> <span class='ocrx_word' id='word_1_29' title='bbox 307 725 348 785; x_wconf 93' lang='lat' dir='ltr'><strong>et</strong></span> <span class='ocrx_word' id='word_1_30' title='bbox 367 729 512 789; x_wconf 91' lang='lat' dir='ltr'><strong>norunt</strong></span> <span class='ocrx_word' id='word_1_31' title='bbox 532 709 651 788; x_wconf 88' lang='lat' dir='ltr'><strong>nostri</strong></span> <span class='ocrx_word' id='word_1_32' title='bbox 670 708 864 817; x_wconf 87' lang='lat' dir='ltr'>plerique,</span> <span class='ocrx_word' id='word_1_33' title='bbox 884 730 923 789; x_wconf 90' lang='lat' dir='ltr'><strong>et</strong></span> <span class='ocrx_word' id='word_1_34' title='bbox 943 711 983 789; x_wconf 91' lang='lat' dir='ltr'><strong>in</strong></span> <span class='ocrx_word' id='word_1_35' title='bbox 1008 710 1160 789; x_wconf 91' lang='lat' dir='ltr'><strong>summa</strong></span> <span class='ocrx_word' id='word_1_36' title='bbox 1182 711 1332 792; x_wconf 93' lang='lat' dir='ltr'><strong>consci-</strong></span> 
     </span>
     <span class='ocr_line' id='line_1_6' title="bbox 177 814 1332 931; baseline 0.008 -37"><span class='ocrx_word' id='word_1_37' title='bbox 177 819 294 898; x_wconf 84' lang='lat' dir='ltr'><strong>entiae</strong></span> <span class='ocrx_word' id='word_1_38' title='bbox 332 822 612 929; x_wconf 86' lang='lat' dir='ltr'>tranquillitate</span> <span class='ocrx_word' id='word_1_39' title='bbox 651 814 833 900; x_wconf 83' lang='lat' dir='ltr'><strong>sentiunt.</strong></span> <span class='ocrx_word' id='word_1_40' title='bbox 905 822 1084 901; x_wconf 84' lang='lat' dir='ltr'>Eandem</span> <span class='ocrx_word' id='word_1_41' title='bbox 1122 823 1332 931; x_wconf 90' lang='lat' dir='ltr'><strong>praesertim</strong></span> 
     </span>
     <span class='ocr_line' id='line_1_7' title="bbox 182 929 1446 1043; baseline 0.006 -35"><span class='ocrx_word' id='word_1_42' title='bbox 182 930 397 1010; x_wconf 78' lang='lat' dir='ltr'><strong>Germania</strong></span> <span class='ocrx_word' id='word_1_43' title='bbox 431 935 550 1014; x_wconf 91' lang='lat' dir='ltr'><strong>totius</strong></span> <span class='ocrx_word' id='word_1_44' title='bbox 584 933 769 1038; x_wconf 73' lang='lat' dir='ltr'><strong>Ecclessis,</strong></span> <span class='ocrx_word' id='word_1_45' title='bbox 802 934 870 1013; x_wconf 93' lang='lat' dir='ltr'><strong>ubi</strong></span> <span class='ocrx_word' id='word_1_46' title='bbox 898 929 1025 1013; x_wconf 77' lang='lat' dir='ltr'><strong>acrius</strong></span> <span class='ocrx_word' id='word_1_47' title='bbox 1048 931 1144 1027; x_wconf 74' lang='lat' dir='ltr'><strong>sere,</strong></span> <span class='ocrx_word' id='word_1_48' title='bbox 1167 934 1331 1043; x_wconf 88' lang='lat' dir='ltr'><strong>jamque</strong></span> <span class='ocrx_word' id='word_1_49' title='bbox 1440 958 1446 971; x_wconf 96' lang='grc'>’</span> 
     </span>
     <span class='ocr_line' id='line_1_8' title="bbox 176 1040 1329 1154; baseline 0.005 -34"><span class='ocrx_word' id='word_1_50' title='bbox 176 1040 249 1120; x_wconf 91' lang='lat' dir='ltr'><strong>diu</strong></span> <span class='ocrx_word' id='word_1_51' title='bbox 269 1042 388 1124; x_wconf 88' lang='lat' dir='ltr'><strong>nimis</strong></span> <span class='ocrx_word' id='word_1_52' title='bbox 407 1045 622 1139; x_wconf 86' lang='lat' dir='ltr'><strong>diffidetur,</strong></span> <span class='ocrx_word' id='word_1_53' title='bbox 642 1072 782 1153; x_wconf 89' lang='lat' dir='ltr'><strong>pacem</strong></span> <span class='ocrx_word' id='word_1_54' title='bbox 800 1047 1048 1154; x_wconf 88' lang='lat' dir='ltr'><strong>optavimus;</strong></span> <span class='ocrx_word' id='word_1_55' title='bbox 1079 1072 1227 1154; x_wconf 88' lang='lat' dir='ltr'>perque</span> <span class='ocrx_word' id='word_1_56' title='bbox 1243 1046 1329 1128; x_wconf 91' lang='lat' dir='ltr'><strong>nos·</strong></span> 
     </span>
     <span class='ocr_line' id='line_1_9' title="bbox 176 1155 1330 1262; baseline 0.007 -30"><span class='ocrx_word' id='word_1_57' title='bbox 176 1171 287 1234; x_wconf 90' lang='lat' dir='ltr'><strong>trum</strong></span> <span class='ocrx_word' id='word_1_58' title='bbox 310 1157 501 1237; x_wconf 83' lang='lat' dir='ltr'><strong>Duraeum</strong></span> <span class='ocrx_word' id='word_1_59' title='bbox 524 1155 602 1237; x_wconf 87' lang='lat' dir='ltr'><strong>hoc</strong></span> <span class='ocrx_word' id='word_1_60' title='bbox 632 1158 741 1236; x_wconf 90' lang='lat' dir='ltr'><strong>idem</strong></span> <span class='ocrx_word' id='word_1_61' title='bbox 768 1157 915 1238; x_wconf 91' lang='lat' dir='ltr'><strong>multos</strong></span> <span class='ocrx_word' id='word_1_62' title='bbox 933 1157 1019 1262; x_wconf 87' lang='lat' dir='ltr'><strong>jam</strong></span> <span class='ocrx_word' id='word_1_63' title='bbox 1043 1185 1164 1237; x_wconf 92' lang='lat' dir='ltr'><strong>annos</strong></span> <span class='ocrx_word' id='word_1_64' title='bbox 1190 1155 1330 1240; x_wconf 87' lang='lat' dir='ltr'><strong>frustra</strong></span> 
     </span>
     <span class='ocr_line' id='line_1_10' title="bbox 175 1266 1328 1378; baseline 0.006 -34"><span class='ocrx_word' id='word_1_65' title='bbox 175 1266 412 1348; x_wconf 87' lang='lat' dir='ltr'><strong>molientem</strong></span> <span class='ocrx_word' id='word_1_66' title='bbox 437 1270 560 1378; x_wconf 88' lang='lat' dir='ltr'><strong>srquid</strong></span> <span class='ocrx_word' id='word_1_67' title='bbox 581 1295 670 1348; x_wconf 88' lang='lat' dir='ltr'><strong>eam</strong></span> <span class='ocrx_word' id='word_1_68' title='bbox 689 1271 730 1348; x_wconf 92' lang='lat' dir='ltr'><strong>in</strong></span> <span class='ocrx_word' id='word_1_69' title='bbox 751 1297 835 1348; x_wconf 89' lang='lat' dir='ltr'><strong>rem</strong></span> <span class='ocrx_word' id='word_1_70' title='bbox 855 1269 983 1348; x_wconf 68' lang='lat' dir='ltr'><strong>nostrs</strong></span> <span class='ocrx_word' id='word_1_71' title='bbox 1006 1270 1125 1377; x_wconf 72' lang='lat' dir='ltr'><strong>opers</strong></span> <span class='ocrx_word' id='word_1_72' title='bbox 1151 1269 1328 1351; x_wconf 90' lang='lat' dir='ltr'><strong>conferre</strong></span> 
     </span>
     <span class='ocr_line' id='line_1_11' title="bbox 173 1377 1329 1486; baseline 0.005 -29"><span class='ocrx_word' id='word_1_73' title='bbox 173 1377 300 1486; x_wconf 84' lang='lat' dir='ltr'><strong>posset</strong></span> <span class='ocrx_word' id='word_1_74' title='bbox 316 1407 367 1459; x_wconf 85' lang='lat' dir='ltr'><strong>ex</strong></span> <span class='ocrx_word' id='word_1_75' title='bbox 387 1383 522 1461; x_wconf 90' lang='lat' dir='ltr'><strong>animo</strong></span> <span class='ocrx_word' id='word_1_76' title='bbox 541 1381 767 1461; x_wconf 88' lang='lat' dir='ltr'><strong>detulimus.</strong></span> <span class='ocrx_word' id='word_1_77' title='bbox 805 1383 852 1461; x_wconf 95' lang='lat' dir='ltr'><strong>ln</strong></span> <span class='ocrx_word' id='word_1_78' title='bbox 868 1382 1007 1460; x_wconf 90' lang='lat' dir='ltr'><strong>eadem</strong></span> <span class='ocrx_word' id='word_1_79' title='bbox 1022 1409 1091 1460; x_wconf 91' lang='lat' dir='ltr'><strong>nos</strong></span> <span class='ocrx_word' id='word_1_80' title='bbox 1108 1382 1329 1463; x_wconf 82' lang='lat' dir='ltr'><strong>etiamnum</strong></span> 
     </span>
     <span class='ocr_line' id='line_1_12' title="bbox 174 1488 1328 1602; baseline 0.005 -34"><span class='ocrx_word' id='word_1_81' title='bbox 174 1488 365 1572; x_wconf 87' lang='lat' dir='ltr'><strong>sententia</strong></span> <span class='ocrx_word' id='word_1_82' title='bbox 380 1521 680 1602; x_wconf 84' lang='lat' dir='ltr'><strong>permanemus3</strong></span> <span class='ocrx_word' id='word_1_83' title='bbox 711 1492 876 1573; x_wconf 90' lang='lat' dir='ltr'><strong>eandem</strong></span> <span class='ocrx_word' id='word_1_84' title='bbox 892 1492 968 1574; x_wconf 90' lang='lat' dir='ltr'><strong>illis</strong></span> <span class='ocrx_word' id='word_1_85' title='bbox 987 1493 1168 1572; x_wconf 88' lang='lat' dir='ltr'><strong>Ecclesiis</strong></span> <span class='ocrx_word' id='word_1_86' title='bbox 1189 1491 1328 1574; x_wconf 91' lang='lat' dir='ltr'><strong>frater·</strong></span> 
     </span>
     <span class='ocr_line' id='line_1_13' title="bbox 175 1604 1327 1714; baseline 0.005 -34"><span class='ocrx_word' id='word_1_87' title='bbox 175 1629 269 1682; x_wconf 89' lang='lat' dir='ltr'><strong>nam</strong></span> <span class='ocrx_word' id='word_1_88' title='bbox 289 1605 391 1684; x_wconf 87' lang='lat' dir='ltr'><strong>inter</strong></span> <span class='ocrx_word' id='word_1_89' title='bbox 410 1605 447 1685; x_wconf 91' lang='lat' dir='ltr'><strong>se</strong></span> <span class='ocrx_word' id='word_1_90' title='bbox 467 1606 700 1686; x_wconf 87' lang='lat' dir='ltr'><strong>charitatem</strong></span> <span class='ocrx_word' id='word_1_91' title='bbox 725 1625 931 1714; x_wconf 90' lang='lat' dir='ltr'><strong>optamus:</strong></span> <span class='ocrx_word' id='word_1_92' title='bbox 963 1604 1027 1684; x_wconf 90' lang='lat' dir='ltr'><strong>sed</strong></span> <span class='ocrx_word' id='word_1_93' title='bbox 1045 1633 1165 1713; x_wconf 89' lang='lat' dir='ltr'><strong>quam</strong></span> <span class='ocrx_word' id='word_1_94' title='bbox 1185 1606 1230 1686; x_wconf 84' lang='lat' dir='ltr'><strong>fit</strong></span> <span class='ocrx_word' id='word_1_95' title='bbox 1249 1604 1327 1686; x_wconf 93' lang='lat' dir='ltr'><strong>hoc</strong></span> 
     </span>
     <span class='ocr_line' id='line_1_14' title="bbox 173 1715 1324 1827; baseline 0.003 -34"><span class='ocrx_word' id='word_1_96' title='bbox 173 1715 343 1796; x_wconf 86' lang='lat' dir='ltr'><strong>arduum</strong></span> <span class='ocrx_word' id='word_1_97' title='bbox 355 1718 607 1798; x_wconf 68' lang='lat' dir='ltr'><strong>conciliandae</strong></span> <span class='ocrx_word' id='word_1_98' title='bbox 623 1718 729 1827; x_wconf 89' lang='lat' dir='ltr'><strong>pacis</strong></span> <span class='ocrx_word' id='word_1_99' title='bbox 745 1720 949 1824; x_wconf 86' lang='lat' dir='ltr'><strong>negotium</strong></span> <span class='ocrx_word' id='word_1_100' title='bbox 968 1717 1069 1796; x_wconf 90' lang='lat' dir='ltr'><strong>inter</strong></span> <span class='ocrx_word' id='word_1_101' title='bbox 1087 1716 1188 1825; x_wconf 90' lang='lat' dir='ltr'><strong>ipsos</strong></span> <span class='ocrx_word' id='word_1_102' title='bbox 1203 1719 1324 1827; x_wconf 86' lang='lat' dir='ltr'><strong>pacis,</strong></span> 
     </span>
     <span class='ocr_line' id='line_1_15' title="bbox 172 1828 1325 1937; baseline 0.003 -31"><span class='ocrx_word' id='word_1_103' title='bbox 172 1847 219 1907; x_wconf 91' lang='lat' dir='ltr'><strong>ut</strong></span> <span class='ocrx_word' id='word_1_104' title='bbox 248 1856 328 1937; x_wconf 89' lang='lat' dir='ltr'><strong>prae</strong></span> <span class='ocrx_word' id='word_1_105' title='bbox 363 1829 399 1909; x_wconf 89' lang='lat' dir='ltr'><strong>se</strong></span> <span class='ocrx_word' id='word_1_106' title='bbox 431 1828 577 1924; x_wconf 91' lang='lat' dir='ltr'><strong>ferunt,</strong></span> <span class='ocrx_word' id='word_1_107' title='bbox 609 1830 724 1923; x_wconf 88' lang='lat' dir='ltr'><strong>filios,</strong></span> <span class='ocrx_word' id='word_1_108' title='bbox 758 1829 912 1910; x_wconf 91' lang='lat' dir='ltr'><strong>summo</strong></span> <span class='ocrx_word' id='word_1_109' title='bbox 944 1829 1204 1909; x_wconf 87' lang='lat' dir='ltr'><strong>cumdolore</strong></span> <span class='ocrx_word' id='word_1_110' title='bbox 1238 1829 1325 1910; x_wconf 91' lang='lat' dir='ltr'><strong>satis</strong></span> 
     </span>
     <span class='ocr_line' id='line_1_16' title="bbox 171 1940 1330 2050; baseline 0.003 -32"><span class='ocrx_word' id='word_1_111' title='bbox 171 1940 366 2049; x_wconf 88' lang='lat' dir='ltr'><strong>superque</strong></span> <span class='ocrx_word' id='word_1_112' title='bbox 392 1942 665 2050; x_wconf 89' lang='lat' dir='ltr'><strong>intelligimus.</strong></span> <span class='ocrx_word' id='word_1_113' title='bbox 725 1942 836 2021; x_wconf 89' lang='lat' dir='ltr'><strong>Nam</strong></span> <span class='ocrx_word' id='word_1_114' title='bbox 865 1960 910 2022; x_wconf 90' lang='lat' dir='ltr'><strong>ut</strong></span> <span class='ocrx_word' id='word_1_115' title='bbox 934 1943 1090 2049; x_wconf 92' lang='lat' dir='ltr'><strong>utrique</strong></span> <span class='ocrx_word' id='word_1_116' title='bbox 1114 1941 1330 2048; x_wconf 85' lang='lat' dir='ltr'><strong>Reformati</strong></span> 
     </span>
     <span class='ocr_line' id='line_1_17' title="bbox 168 2054 1324 2167; baseline 0.001 -36"><span class='ocrx_word' id='word_1_117' title='bbox 168 2079 316 2162; x_wconf 89' lang='lat' dir='ltr'><strong>nempe</strong></span> <span class='ocrx_word' id='word_1_118' title='bbox 331 2074 372 2134; x_wconf 95' lang='lat' dir='ltr'><strong>et</strong></span> <span class='ocrx_word' id='word_1_119' title='bbox 383 2055 612 2167; x_wconf 84' lang='lat' dir='ltr'><strong>Augustani,</strong></span> <span class='ocrx_word' id='word_1_120' title='bbox 626 2057 667 2134; x_wconf 93' lang='lat' dir='ltr'><strong>in</strong></span> <span class='ocrx_word' id='word_1_121' title='bbox 680 2055 794 2133; x_wconf 90' lang='lat' dir='ltr'><strong>unius</strong></span> <span class='ocrx_word' id='word_1_122' title='bbox 809 2054 988 2133; x_wconf 87' lang='lat' dir='ltr'><strong>Ecclesrae</strong></span> <span class='ocrx_word' id='word_1_123' title='bbox 999 2055 1324 2133; x_wconf 89' lang='lat' dir='ltr'><strong>communionem</strong></span> 
     </span>
     <span class='ocr_line' id='line_1_18' title="bbox 169 2165 1324 2274; baseline 0.001 -31"><span class='ocrx_word' id='word_1_124' title='bbox 169 2165 382 2273; x_wconf 88' lang='lat' dir='ltr'><strong>aliquando</strong></span> <span class='ocrx_word' id='word_1_125' title='bbox 401 2167 629 2261; x_wconf 87' lang='lat' dir='ltr'><strong>coalescant,</strong></span> <span class='ocrx_word' id='word_1_126' title='bbox 650 2167 884 2274; x_wconf 90' lang='lat' dir='ltr'><strong>sperandum</strong></span> <span class='ocrx_word' id='word_1_127' title='bbox 899 2167 966 2244; x_wconf 88' lang='lat' dir='ltr'><strong>vix</strong></span> <span class='ocrx_word' id='word_1_128' title='bbox 987 2165 1068 2259; x_wconf 88' lang='lat' dir='ltr'><strong>est;</strong></span> <span class='ocrx_word' id='word_1_129' title='bbox 1101 2165 1208 2244; x_wconf 90' lang='lat' dir='ltr'><strong>suam</strong></span> <span class='ocrx_word' id='word_1_130' title='bbox 1225 2167 1324 2245; x_wconf 92' lang='lat' dir='ltr'><strong>utri-</strong></span> 
     </span>
     <span class='ocr_line' id='line_1_19' title="bbox 169 2276 1321 2390; baseline 0 -36"><span class='ocrx_word' id='word_1_131' title='bbox 169 2303 249 2383; x_wconf 90' lang='lat' dir='ltr'><strong>que</strong></span> <span class='ocrx_word' id='word_1_132' title='bbox 270 2277 501 2359; x_wconf 88' lang='lat' dir='ltr'><strong>sententiam</strong></span> <span class='ocrx_word' id='word_1_133' title='bbox 520 2308 569 2360; x_wconf 94' lang='lat' dir='ltr'><strong>ne</strong></span> <span class='ocrx_word' id='word_1_134' title='bbox 593 2279 707 2390; x_wconf 85' lang='lat' dir='ltr'><strong>poffit</strong></span> <span class='ocrx_word' id='word_1_135' title='bbox 727 2280 789 2358; x_wconf 89' lang='lat' dir='ltr'><strong>vel</strong></span> <span class='ocrx_word' id='word_1_136' title='bbox 809 2307 903 2358; x_wconf 90' lang='lat' dir='ltr'><strong>voce</strong></span> <span class='ocrx_word' id='word_1_137' title='bbox 925 2277 985 2356; x_wconf 89' lang='lat' dir='ltr'><strong>vel</strong></span> <span class='ocrx_word' id='word_1_138' title='bbox 1007 2277 1156 2384; x_wconf 89' lang='lat' dir='ltr'><strong>scriptis</strong></span> <span class='ocrx_word' id='word_1_139' title='bbox 1184 2276 1321 2355; x_wconf 87' lang='lat' dir='ltr'><strong>defen-</strong></span> 
     </span>
     <span class='ocr_line' id='line_1_20' title="bbox 167 2389 1320 2500; baseline 0.001 -32"><span class='ocrx_word' id='word_1_140' title='bbox 167 2389 276 2483; x_wconf 90' lang='lat' dir='ltr'><strong>dere,</strong></span> <span class='ocrx_word' id='word_1_141' title='bbox 296 2389 497 2500; x_wconf 85' lang='lat' dir='ltr'><strong>prohiberi</strong></span> <span class='ocrx_word' id='word_1_142' title='bbox 513 2394 590 2472; x_wconf 83' lang='lat' dir='ltr'><strong>fine</strong></span> <span class='ocrx_word' id='word_1_143' title='bbox 607 2392 646 2470; x_wconf 93' lang='lat' dir='ltr'><strong>vi</strong></span> <span class='ocrx_word' id='word_1_144' title='bbox 667 2419 745 2470; x_wconf 92' lang='lat' dir='ltr'><strong>non</strong></span> <span class='ocrx_word' id='word_1_145' title='bbox 765 2409 950 2500; x_wconf 92' lang='lat' dir='ltr'><strong>poterunt</strong></span> <span class='ocrx_word' id='word_1_146' title='bbox 961 2419 974 2482; x_wconf 90' lang='lat'>;</span> <span class='ocrx_word' id='word_1_147' title='bbox 1005 2391 1062 2468; x_wconf 90' lang='lat' dir='ltr'><strong>vis</strong></span> <span class='ocrx_word' id='word_1_148' title='bbox 1078 2408 1210 2468; x_wconf 90' lang='lat' dir='ltr'><strong>autem</strong></span> <span class='ocrx_word' id='word_1_149' title='bbox 1226 2416 1320 2469; x_wconf 92' lang='lat' dir='ltr'><strong>cum</strong></span> 
     </span>
     <span class='ocr_line' id='line_1_21' title="bbox 168 2495 1321 2612; baseline -0.002 -32"><span class='ocrx_word' id='word_1_150' title='bbox 168 2528 266 2609; x_wconf 91' lang='lat' dir='ltr'><strong>pace</strong></span> <span class='ocrx_word' id='word_1_151' title='bbox 287 2504 554 2584; x_wconf 64' lang='lat' dir='ltr'><strong>Ecclefiastics</strong></span> <span class='ocrx_word' id='word_1_152' title='bbox 572 2502 774 2584; x_wconf 84' lang='lat' dir='ltr'><strong>confistere</strong></span> <span class='ocrx_word' id='word_1_153' title='bbox 792 2531 870 2582; x_wconf 93' lang='lat' dir='ltr'><strong>non</strong></span> <span class='ocrx_word' id='word_1_154' title='bbox 891 2502 1043 2612; x_wconf 86' lang='lat' dir='ltr'><strong>potest:</strong></span> <span class='ocrx_word' id='word_1_155' title='bbox 1075 2499 1151 2580; x_wconf 93' lang='lat' dir='ltr'><strong>hoc</strong></span> <span class='ocrx_word' id='word_1_156' title='bbox 1167 2495 1321 2580; x_wconf 77' lang='lat' dir='ltr'><strong>tantiam</strong></span> 
     </span>
     <span class='ocr_line' id='line_1_22' title="bbox 167 2612 1320 2724; baseline 0.001 -33"><span class='ocrx_word' id='word_1_157' title='bbox 167 2613 205 2692; x_wconf 93' lang='lat' dir='ltr'><strong>se</strong></span> <span class='ocrx_word' id='word_1_158' title='bbox 227 2614 349 2694; x_wconf 84' lang='lat' dir='ltr'><strong>sinant</strong></span> <span class='ocrx_word' id='word_1_159' title='bbox 367 2617 519 2696; x_wconf 86' lang='lat' dir='ltr'><strong>exorari</strong></span> <span class='ocrx_word' id='word_1_160' title='bbox 539 2618 610 2724; x_wconf 91' lang='lat' dir='ltr'><strong>qui</strong></span> <span class='ocrx_word' id='word_1_161' title='bbox 629 2615 870 2709; x_wconf 82' lang='lat' dir='ltr'><strong>dissentiunt,</strong></span> <span class='ocrx_word' id='word_1_162' title='bbox 892 2634 935 2694; x_wconf 93' lang='lat' dir='ltr'><strong>ut</strong></span> <span class='ocrx_word' id='word_1_163' title='bbox 954 2612 1165 2693; x_wconf 84' lang='lat' dir='ltr'><strong>humanius</strong></span> <span class='ocrx_word' id='word_1_164' title='bbox 1185 2612 1320 2692; x_wconf 89' lang='lat' dir='ltr'><strong>saltem</strong></span> 
     </span>
     <span class='ocr_line' id='line_1_23' title="bbox 167 2725 1322 2834; baseline 0.003 -31"><span class='ocrx_word' id='word_1_165' title='bbox 167 2744 207 2804; x_wconf 92' lang='lat' dir='ltr'><strong>et</strong></span> <span class='ocrx_word' id='word_1_166' title='bbox 226 2727 466 2808; x_wconf 90' lang='lat' dir='ltr'><strong>moderatius</strong></span> <span class='ocrx_word' id='word_1_167' title='bbox 485 2729 607 2808; x_wconf 89' lang='lat' dir='ltr'><strong>velint</strong></span> <span class='ocrx_word' id='word_1_168' title='bbox 627 2728 836 2820; x_wconf 80' lang='lat' dir='ltr'><strong>dissentire,</strong></span> <span class='ocrx_word' id='word_1_169' title='bbox 853 2725 1056 2834; x_wconf 88' lang='lat' dir='ltr'><strong>nihiloque</strong></span> <span class='ocrx_word' id='word_1_170' title='bbox 1071 2726 1202 2804; x_wconf 91' lang='lat' dir='ltr'><strong>minus</strong></span> <span class='ocrx_word' id='word_1_171' title='bbox 1219 2726 1322 2806; x_wconf 90' lang='lat' dir='ltr'><strong>inter</strong></span> 
     </span>
     <span class='ocr_line' id='line_1_24' title="bbox 166 2837 1319 2950; baseline -0.001 -34"><span class='ocrx_word' id='word_1_172' title='bbox 166 2837 203 2916; x_wconf 92' lang='lat' dir='ltr'><strong>se</strong></span> <span class='ocrx_word' id='word_1_173' title='bbox 223 2839 414 2947; x_wconf 89' lang='lat' dir='ltr'><strong>diligere;</strong></span> <span class='ocrx_word' id='word_1_174' title='bbox 446 2861 582 2950; x_wconf 90' lang='lat' dir='ltr'><strong>utpote</strong></span> <span class='ocrx_word' id='word_1_175' title='bbox 608 2869 684 2922; x_wconf 92' lang='lat' dir='ltr'><strong>non</strong></span> <span class='ocrx_word' id='word_1_176' title='bbox 707 2839 834 2920; x_wconf 91' lang='lat' dir='ltr'><strong>hostes</strong></span> <span class='ocrx_word' id='word_1_177' title='bbox 854 2838 916 2919; x_wconf 89' lang='lat' dir='ltr'><strong>sed</strong></span> <span class='ocrx_word' id='word_1_178' title='bbox 938 2837 1073 2918; x_wconf 88' lang='lat' dir='ltr'><strong>fratres</strong></span> <span class='ocrx_word' id='word_1_179' title='bbox 1095 2839 1134 2916; x_wconf 91' lang='lat' dir='ltr'><strong>in</strong></span> <span class='ocrx_word' id='word_1_180' title='bbox 1161 2838 1319 2915; x_wconf 90' lang='lat' dir='ltr'><strong>leviori-</strong></span> 
     </span>
     <span class='ocr_line' id='line_1_25' title="bbox 166 2948 1319 3047; baseline -0.003 -17"><span class='ocrx_word' id='word_1_181' title='bbox 166 2950 238 3031; x_wconf 92' lang='lat' dir='ltr'><strong>bus</strong></span> <span class='ocrx_word' id='word_1_182' title='bbox 272 2952 365 3032; x_wconf 92' lang='lat' dir='ltr'><strong>licet</strong></span> <span class='ocrx_word' id='word_1_183' title='bbox 391 2952 669 3047; x_wconf 81' lang='lat' dir='ltr'><strong>dissentientes,</strong></span> <span class='ocrx_word' id='word_1_184' title='bbox 695 2955 734 3032; x_wconf 92' lang='lat' dir='ltr'><strong>in</strong></span> <span class='ocrx_word' id='word_1_185' title='bbox 761 2952 913 3031; x_wconf 90' lang='lat' dir='ltr'><strong>summa</strong></span> <span class='ocrx_word' id='word_1_186' title='bbox 945 2970 1077 3030; x_wconf 91' lang='lat' dir='ltr'><strong>tamen</strong></span> <span class='ocrx_word' id='word_1_187' title='bbox 1108 2948 1200 3027; x_wconf 90' lang='lat' dir='ltr'><strong>fidei</strong></span> <span class='ocrx_word' id='word_1_188' title='bbox 1223 2975 1319 3027; x_wconf 93' lang='lat' dir='ltr'><strong>con-</strong></span> 
     </span>
     <span class='ocr_line' id='line_1_26' title="bbox 159 3059 1318 3167; baseline -0.003 -24"><span class='ocrx_word' id='word_1_189' title='bbox 159 3061 434 3167; x_wconf 68' lang='lat' dir='ltr'><strong>junstiffimos.</strong></span> <span class='ocrx_word' id='word_1_190' title='bbox 494 3067 593 3144; x_wconf 80' lang='lat' dir='ltr'><strong>Haec</strong></span> <span class='ocrx_word' id='word_1_191' title='bbox 627 3086 702 3145; x_wconf 92' lang='lat' dir='ltr'><strong>nos</strong></span> <span class='ocrx_word' id='word_1_192' title='bbox 730 3064 979 3156; x_wconf 90' lang='lat' dir='ltr'><strong>inculcando,</strong></span> <span class='ocrx_word' id='word_1_193' title='bbox 1012 3060 1092 3142; x_wconf 88' lang='lat' dir='ltr'><strong>haec</strong></span> <span class='ocrx_word' id='word_1_194' title='bbox 1126 3059 1318 3140; x_wconf 90' lang='lat' dir='ltr'><strong>suadendo</strong></span> 
     </span>
     <span class='ocr_line' id='line_1_27' title="bbox 163 3171 1318 3285; baseline -0.003 -31"><span class='ocrx_word' id='word_1_195' title='bbox 163 3201 371 3284; x_wconf 90' lang='lat' dir='ltr'><strong>nunquam</strong></span> <span class='ocrx_word' id='word_1_196' title='bbox 402 3172 731 3285; x_wconf 81' lang='lat' dir='ltr'><strong>defatigabimur3</strong></span> <span class='ocrx_word' id='word_1_197' title='bbox 762 3177 868 3285; x_wconf 94' lang='lat' dir='ltr'><strong>quod</strong></span> <span class='ocrx_word' id='word_1_198' title='bbox 902 3171 1003 3255; x_wconf 73' lang='lat' dir='ltr'><strong>ultrh</strong></span> <span class='ocrx_word' id='word_1_199' title='bbox 1033 3174 1102 3267; x_wconf 86' lang='lat' dir='ltr'><strong>est,</strong></span> <span class='ocrx_word' id='word_1_200' title='bbox 1134 3171 1318 3252; x_wconf 89' lang='lat' dir='ltr'><strong>humanis</strong></span> 
     </span>
     <span class='ocr_line' id='line_1_28' title="bbox 163 3282 1316 3398; baseline -0.002 -33"><span class='ocrx_word' id='word_1_201' title='bbox 163 3313 293 3397; x_wconf 88' lang='lat' dir='ltr'><strong>neque</strong></span> <span class='ocrx_word' id='word_1_202' title='bbox 305 3290 454 3369; x_wconf 90' lang='lat' dir='ltr'><strong>viribus</strong></span> <span class='ocrx_word' id='word_1_203' title='bbox 470 3318 596 3398; x_wconf 92' lang='lat' dir='ltr'><strong>neque</strong></span> <span class='ocrx_word' id='word_1_204' title='bbox 612 3289 779 3369; x_wconf 83' lang='lat' dir='ltr'><strong>consiliis</strong></span> <span class='ocrx_word' id='word_1_205' title='bbox 796 3293 930 3368; x_wconf 86' lang='lat' dir='ltr'><strong>datur:</strong></span> <span class='ocrx_word' id='word_1_206' title='bbox 957 3290 1069 3368; x_wconf 88' lang='lat' dir='ltr'><strong>Deus</strong></span> <span class='ocrx_word' id='word_1_207' title='bbox 1084 3285 1189 3393; x_wconf 91' lang='lat' dir='ltr'><strong>quod</strong></span> <span class='ocrx_word' id='word_1_208' title='bbox 1203 3282 1316 3363; x_wconf 92' lang='lat' dir='ltr'><strong>suum</strong></span> 
     </span>
     <span class='ocr_line' id='line_1_29' title="bbox 163 3397 1316 3512; baseline -0.003 -35"><span class='ocrx_word' id='word_1_209' title='bbox 163 3398 281 3481; x_wconf 90' lang='lat' dir='ltr'><strong>solius</strong></span> <span class='ocrx_word' id='word_1_210' title='bbox 306 3402 363 3482; x_wconf 88' lang='lat' dir='ltr'><strong>est</strong></span> <span class='ocrx_word' id='word_1_211' title='bbox 387 3401 454 3480; x_wconf 92' lang='lat' dir='ltr'><strong>suo</strong></span> <span class='ocrx_word' id='word_1_212' title='bbox 476 3420 652 3512; x_wconf 91' lang='lat' dir='ltr'><strong>tempore</strong></span> <span class='ocrx_word' id='word_1_213' title='bbox 673 3401 864 3511; x_wconf 88' lang='lat' dir='ltr'><strong>perficiet.</strong></span> <span class='ocrx_word' id='word_1_214' title='bbox 922 3400 989 3478; x_wconf 92' lang='lat' dir='ltr'><strong>Tu</strong></span> <span class='ocrx_word' id='word_1_215' title='bbox 1009 3400 1182 3488; x_wconf 91' lang='lat' dir='ltr'><strong>interim,</strong></span> <span class='ocrx_word' id='word_1_216' title='bbox 1205 3397 1316 3475; x_wconf 87' lang='lat' dir='ltr'><strong>Sere-</strong></span> 
     </span>
     <span class='ocr_line' id='line_1_30' title="bbox 162 3509 1316 3624; baseline -0.003 -34"><span class='ocrx_word' id='word_1_217' title='bbox 162 3513 316 3592; x_wconf 83' lang='lat' dir='ltr'><strong>niffime</strong></span> <span class='ocrx_word' id='word_1_218' title='bbox 338 3515 541 3624; x_wconf 91' lang='lat' dir='ltr'><strong>Princeps,</strong></span> <span class='ocrx_word' id='word_1_219' title='bbox 563 3516 787 3624; x_wconf 87' lang='lat' dir='ltr'><strong>praeclaram</strong></span> <span class='ocrx_word' id='word_1_220' title='bbox 812 3514 853 3590; x_wconf 91' lang='lat' dir='ltr'><strong>in</strong></span> <span class='ocrx_word' id='word_1_221' title='bbox 873 3511 1063 3591; x_wconf 86' lang='lat' dir='ltr'><strong>Ecclesras</strong></span> <span class='ocrx_word' id='word_1_222' title='bbox 1085 3509 1316 3590; x_wconf 87' lang='lat' dir='ltr'><strong>declaratio·-</strong></span> 
     </span>
     <span class='ocr_line' id='line_1_31' title="bbox 162 3622 1315 3735; baseline -0.004 -32"><span class='ocrx_word' id='word_1_223' title='bbox 162 3651 256 3704; x_wconf 92' lang='lat' dir='ltr'><strong>nem</strong></span> <span class='ocrx_word' id='word_1_224' title='bbox 276 3626 400 3705; x_wconf 88' lang='lat' dir='ltr'><strong>animi</strong></span> <span class='ocrx_word' id='word_1_225' title='bbox 425 3628 497 3719; x_wconf 91' lang='lat' dir='ltr'><strong>tui,</strong></span> <span class='ocrx_word' id='word_1_226' title='bbox 518 3626 803 3735; x_wconf 90' lang='lat' dir='ltr'><strong>sempiternum</strong></span> <span class='ocrx_word' id='word_1_227' title='bbox 827 3622 914 3703; x_wconf 74' lang='lat' dir='ltr'><strong>sane</strong></span> <span class='ocrx_word' id='word_1_228' title='bbox 941 3643 1247 3703; x_wconf 91' lang='lat' dir='ltr'><strong>monumentum</strong></span> <span class='ocrx_word' id='word_1_229' title='bbox 1275 3640 1315 3699; x_wconf 90' lang='lat' dir='ltr'><strong>et</strong></span> 
     </span>
     <span class='ocr_line' id='line_1_32' title="bbox 162 3733 1315 3846; baseline -0.007 -30"><span class='ocrx_word' id='word_1_230' title='bbox 162 3737 377 3842; x_wconf 87' lang='lat' dir='ltr'><strong>majoribus</strong></span> <span class='ocrx_word' id='word_1_231' title='bbox 405 3740 481 3818; x_wconf 92' lang='lat' dir='ltr'><strong>tuis</strong></span> <span class='ocrx_word' id='word_1_232' title='bbox 506 3737 674 3846; x_wconf 87' lang='lat' dir='ltr'><strong>dignum</strong></span> <span class='ocrx_word' id='word_1_233' title='bbox 697 3758 736 3817; x_wconf 91' lang='lat' dir='ltr'><strong>et</strong></span> <span class='ocrx_word' id='word_1_234' title='bbox 762 3736 945 3816; x_wconf 91' lang='lat' dir='ltr'><strong>omnibus</strong></span> <span class='ocrx_word' id='word_1_235' title='bbox 972 3734 1133 3845; x_wconf 88' lang='lat' dir='ltr'><strong>posthac</strong></span> <span class='ocrx_word' id='word_1_236' title='bbox 1165 3733 1315 3842; x_wconf 89' lang='lat' dir='ltr'><strong>princi-</strong></span> 
     </span>
     <span class='ocr_line' id='line_1_33' title="bbox 159 3844 1312 3958; baseline -0.006 -30"><span class='ocrx_word' id='word_1_237' title='bbox 159 3848 277 3957; x_wconf 90' lang='lat' dir='ltr'><strong>pibus</strong></span> <span class='ocrx_word' id='word_1_238' title='bbox 297 3851 536 3931; x_wconf 91' lang='lat' dir='ltr'><strong>imitandum</strong></span> <span class='ocrx_word' id='word_1_239' title='bbox 556 3850 760 3958; x_wconf 90' lang='lat' dir='ltr'><strong>reliquisti.</strong></span> <span class='ocrx_word' id='word_1_240' title='bbox 811 3848 898 3927; x_wconf 92' lang='lat' dir='ltr'><strong>Nos</strong></span> <span class='ocrx_word' id='word_1_241' title='bbox 916 3846 1150 3926; x_wconf 87' lang='lat' dir='ltr'><strong>Celfitudini</strong></span> <span class='ocrx_word' id='word_1_242' title='bbox 1168 3844 1312 3937; x_wconf 87' lang='lat' dir='ltr'><strong>vestrae,</strong></span> 
     </span>
     <span class='ocr_line' id='line_1_34' title="bbox 158 3954 1314 4070; baseline -0.005 -29"><span class='ocrx_word' id='word_1_243' title='bbox 158 3990 234 4070; x_wconf 93' lang='lat' dir='ltr'><strong>pro</strong></span> <span class='ocrx_word' id='word_1_244' title='bbox 265 3990 314 4041; x_wconf 92' lang='lat' dir='ltr'><strong>eo</strong></span> <span class='ocrx_word' id='word_1_245' title='bbox 346 3990 390 4042; x_wconf 87' lang='lat' dir='ltr'><strong>ac</strong></span> <span class='ocrx_word' id='word_1_246' title='bbox 421 3964 561 4042; x_wconf 92' lang='lat' dir='ltr'><strong>merita</strong></span> <span class='ocrx_word' id='word_1_247' title='bbox 595 3962 664 4053; x_wconf 86' lang='lat' dir='ltr'><strong>est,</strong></span> <span class='ocrx_word' id='word_1_248' title='bbox 698 3959 929 4039; x_wconf 89' lang='lat' dir='ltr'><strong>felicitatem</strong></span> <span class='ocrx_word' id='word_1_249' title='bbox 958 3959 1102 4038; x_wconf 86' lang='lat' dir='ltr'><strong>caeteris</strong></span> <span class='ocrx_word' id='word_1_250' title='bbox 1128 3958 1169 4035; x_wconf 93' lang='lat' dir='ltr'><strong>in</strong></span> <span class='ocrx_word' id='word_1_251' title='bbox 1198 3954 1314 4035; x_wconf 91' lang='lat' dir='ltr'><strong>rebus</strong></span> 
     </span>
     <span class='ocr_line' id='line_1_35' title="bbox 159 4065 1312 4184; baseline -0.005 -33"><span class='ocrx_word' id='word_1_252' title='bbox 159 4093 354 4180; x_wconf 92' lang='lat' dir='ltr'><strong>quantum</strong></span> <span class='ocrx_word' id='word_1_253' title='bbox 376 4074 456 4183; x_wconf 92' lang='lat' dir='ltr'><strong>ipsa</strong></span> <span class='ocrx_word' id='word_1_254' title='bbox 473 4075 598 4184; x_wconf 90' lang='lat' dir='ltr'><strong>cupit,</strong></span> <span class='ocrx_word' id='word_1_255' title='bbox 620 4090 810 4165; x_wconf 88' lang='lat' dir='ltr'><strong>mentem,</strong></span> <span class='ocrx_word' id='word_1_256' title='bbox 836 4100 880 4150; x_wconf 90' lang='lat' dir='ltr'><strong>ea</strong></span> <span class='ocrx_word' id='word_1_257' title='bbox 906 4099 1027 4179; x_wconf 91' lang='lat' dir='ltr'><strong>quam</strong></span> <span class='ocrx_word' id='word_1_258' title='bbox 1054 4097 1159 4149; x_wconf 91' lang='lat' dir='ltr'><strong>nunc</strong></span> <span class='ocrx_word' id='word_1_259' title='bbox 1179 4065 1312 4161; x_wconf 81' lang='lat' dir='ltr'><strong>h&#39;abes,</strong></span> 
     </span>
     <span class='ocr_line' id='line_1_36' title="bbox 158 4178 1314 4295; baseline -0.006 -32"><span class='ocrx_word' id='word_1_260' title='bbox 158 4183 266 4264; x_wconf 95' lang='lat' dir='ltr'><strong>haud</strong></span> <span class='ocrx_word' id='word_1_261' title='bbox 278 4186 484 4266; x_wconf 88' lang='lat' dir='ltr'><strong>meliorem</strong></span> <span class='ocrx_word' id='word_1_262' title='bbox 499 4187 613 4295; x_wconf 86' lang='lat' dir='ltr'><strong>(quid</strong></span> <span class='ocrx_word' id='word_1_263' title='bbox 625 4187 734 4265; x_wconf 90' lang='lat' dir='ltr'><strong>enim</strong></span> <span class='ocrx_word' id='word_1_264' title='bbox 749 4184 874 4294; x_wconf 91' lang='lat' dir='ltr'><strong>potest</strong></span> <span class='ocrx_word' id='word_1_265' title='bbox 886 4182 959 4263; x_wconf 82' lang='lat' dir='ltr'><strong>effe</strong></span> <span class='ocrx_word' id='word_1_266' title='bbox 973 4184 1113 4262; x_wconf 87' lang='lat' dir='ltr'><strong>melius</strong></span> <span class='ocrx_word' id='word_1_267' title='bbox 1127 4183 1159 4289; x_wconf 84' lang='lat'><strong>?)</strong></span> <span class='ocrx_word' id='word_1_268' title='bbox 1189 4178 1314 4258; x_wconf 77' lang='lat' dir='ltr'><strong>aDeo</strong></span> 
     </span>
     <span class='ocr_line' id='line_1_37' title="bbox 159 4298 782 4408; baseline -0.005 -32"><span class='ocrx_word' id='word_1_269' title='bbox 159 4298 334 4408; x_wconf 91' lang='lat' dir='ltr'><strong>Optimo</strong></span> <span class='ocrx_word' id='word_1_270' title='bbox 353 4300 542 4379; x_wconf 86' lang='lat' dir='ltr'><strong>Maximo</strong></span> <span class='ocrx_word' id='word_1_271' title='bbox 561 4326 782 4408; x_wconf 90' lang='lat' dir='ltr'><strong>precamur.</strong></span> 
     </span>
    </p>
   </div>
   <div class='ocr_carea' id='block_1_3' title="bbox 246 4406 1053 4521">
    <p class='ocr_par' dir='ltr' id='par_1_3' title="bbox 246 4406 1053 4521">
     <span class='ocr_line' id='line_1_38' title="bbox 246 4406 1053 4521; baseline -0.004 -32"><span class='ocrx_word' id='word_1_272' title='bbox 246 4411 570 4521; x_wconf 79' lang='lat' dir='ltr'><strong>Westmonasterio,</strong></span> <span class='ocrx_word' id='word_1_273' title='bbox 590 4409 647 4491; x_wconf 79' lang='lat' dir='ltr'><strong>die</strong></span> <span class='ocrx_word' id='word_1_274' title='bbox 666 4407 825 4500; x_wconf 84' lang='lat' dir='ltr'><strong>Martii,</strong></span> <span class='ocrx_word' id='word_1_275' title='bbox 845 4436 908 4486; x_wconf 84' lang='lat' dir='ltr'><strong>an.</strong></span> <span class='ocrx_word' id='word_1_276' title='bbox 937 4406 984 4484; x_wconf 83' lang='lat'><strong>16</strong></span> <span class='ocrx_word' id='word_1_277' title='bbox 990 4406 1053 4512; x_wconf 85' lang='lat'><strong>56.</strong></span> 
     </span>
    </p>
   </div>
   <div class='ocr_carea' id='block_1_4' title="bbox 0 0 1482 4980">
    <p class='ocr_par' dir='ltr' id='par_1_4' title="bbox 0 0 1482 4980">
     <span class='ocr_line' id='line_1_39' title="bbox 0 0 1482 4980; baseline 0 4"><span class='ocrx_word' id='word_1_278' title='bbox 0 0 1482 4980; x_wconf 95' lang='lat' dir='ltr'><strong> </strong></span> 
     </span>
    </p>
   </div>
  </div>
 </body>
</html>
