2956 4980
154 266 236 344 422
452 217 744 317 Prolufiones
769 219 1008 316 Oratoriae.

158 398 298 510 procul
326 399 462 507 sequar
491 396 726 478 hodiernum
757 395 863 475 hunc
892 386 1141 502 Eloquentiae
1169 391 1306 470 trium·

159 511 300 622 phum.
346 513 461 590 Dum
481 512 612 617 itaque
634 511 722 589 trita
742 508 821 601 illa,
843 527 882 586 et
902 506 1133 615 pervulgata
1153 500 1306 582 dicendi

161 642 392 731 argumenta
413 620 566 729 refugio
585 623 755 731 penitus,
781 638 821 699 et
840 617 1070 710 reformido,
1097 615 1147 694 ad
1168 639 1308 693 novam

160 736 335 843 aliquam
367 736 573 814 materiem
603 733 721 812 ardue
749 731 974 812 tentandam
1009 728 1189 808 accendit
1228 725 1309 802 ani-

163 875 292 939 mum,
306 866 345 927 et
357 847 487 926 statim
507 845 624 949 erigit
643 843 758 949 hujus
773 843 852 922 diei
867 842 1067 951 cogitatio,
1085 838 1309 944 horumque

162 959 277 1037 srmul
297 986 395 1066 quos
414 956 534 1064 digna
553 956 616 1034 die
637 956 869 1063 loquuturos
888 952 994 1032 haud
1019 951 1163 1059 injurias
1188 947 1309 1056 suspi-

163 1069 278 1149 cabar
292 1098 303 1160 ;
334 1096 419 1176 quae
443 1071 521 1146 duo
542 1067 604 1145 vel
628 1068 738 1146 tardo
763 1066 900 1157 cuivis,
927 1083 966 1143 et
989 1062 1128 1143 obtuso
1153 1080 1311 1141 caetero-

164 1182 261 1287 quin
273 1180 434 1286 ingenio
448 1178 639 1273 stimulos,
656 1197 724 1258 aut
739 1204 904 1257 acumen
920 1174 1103 1255 addidisse
1118 1190 1311 1282 poterant.

166 1293 276 1371 Hinc
301 1293 447 1372 idcirco
472 1292 589 1369 subiit
615 1317 738 1399 pauca
767 1288 902 1368 saltem
927 1287 1039 1396 super
1071 1286 1140 1366 illo
1167 1283 1313 1365 coelesti

166 1422 373 1496 concentu,
403 1403 564 1483 dilatata
595 1402 721 1510 (quod
749 1401 874 1502 aiunt)
906 1424 1040 1492 manu,
1069 1416 1109 1477 et
1138 1395 1314 1476 ubertate

168 1516 353 1595 Oratoris
373 1513 537 1624 praefari,
555 1516 700 1621 dequo
720 1541 816 1592 mox
836 1511 941 1619 quafi
962 1513 1160 1590 contrado
1180 1535 1315 1617 pugno

168 1626 463 1736 disceptandum
493 1627 571 1721 est;
603 1625 736 1705 habits
767 1643 897 1704 tamen
928 1623 1076 1702 ratione
1112 1621 1314 1729 temporis,

169 1741 274 1846 quod
295 1768 359 1818 me
373 1739 458 1844 jam
478 1756 593 1846 urget
612 1758 651 1817 et
670 1740 851 1816 coardat.
883 1735 983 1814 Haec
1002 1754 1135 1814 tamen
1155 1731 1315 1841 perinde

169 1852 368 1957 accipiatis
400 1850 520 1929 velim
546 1849 755 1941 auditores,
790 1847 896 1957 quasi
935 1873 1005 1954 per
1038 1844 1168 1925 lusum
1198 1845 1313 1923 dista.

172 1963 275 2070 Qis
306 1963 414 2039 enim
446 1961 555 2040 sanus
582 1961 861 2040 existimaverit
893 1959 1148 2068 Pythagoram
1181 1957 1316 2035 Deum

169 2072 285 2150 illum
305 2069 652 2180 Philosophorum,
683 2072 792 2177 cujus
821 2071 869 2150 ad
899 2097 1044 2149 nomen
1073 2095 1211 2148 omnes
1237 2067 1315 2172 ejus

170 2183 296 2264 saeculi
316 2184 498 2263 mortales
518 2210 596 2262 non
619 2184 695 2262 srne
716 2181 910 2292 persandta
930 2182 1179 2261 veneratione
1198 2179 1316 2258 affur-

169 2297 328 2403 gebant,
344 2296 445 2402 quis,
461 2296 638 2403 inquam,
654 2324 747 2374 cum
767 2293 1048 2373 existimaverit
1067 2312 1148 2372 tam
1169 2293 1317 2370 lubrice

172 2405 375 2488 fundatam
395 2409 625 2516 opinionem
645 2435 821 2514 unquam
841 2405 1040 2514 protulisse
1061 2406 1101 2482 in
1122 2404 1315 2483 medium.

172 2518 270 2598 Sans
292 2520 317 2597 sr
338 2546 459 2626 quam
480 2519 545 2598 ille
567 2516 813 2627 Sphaerarum
833 2518 967 2596 docuit
991 2515 1255 2608 harmoniam,
1282 2533 1318 2593 et

171 2632 426 2708 circumactos
453 2631 500 2709 ad
522 2630 800 2709 modulaminis
820 2630 1071 2708 dulcedinem
1090 2627 1225 2721 coelos,
1251 2655 1318 2736 per

172 2741 212 2820 id
232 2740 422 2850 sapienter
437 2743 597 2819 innuere
612 2743 749 2835 voluit,
763 2741 1012 2821 amiciffimos
1029 2740 1188 2820 orbium
1207 2766 1319 2817 com-

172 2854 326 2961 plexus,
341 2853 620 2961 aequabilesque
635 2855 674 2931 in
687 2874 873 2932 aeternum
894 2854 941 2932 ad
961 2853 1084 2932 fixam
1100 2849 1170 2929 fati
1188 2851 1319 2958 legem

172 2966 459 3044 conversiones:
482 2968 522 3043 in
542 2963 619 3044 hoc
638 2986 741 3044 certe
758 2965 819 3043 vel
833 2966 986 3057 Poetas,
1003 2965 1065 3042 vel
1085 2962 1192 3070 quod
1213 2963 1320 3041 idem

172 3104 273 3184 pene
294 3077 363 3169 est,
388 3078 520 3155 divina
539 3078 714 3156 imitatus
738 3076 906 3166 oracula,
931 3073 1114 3183 aquibus
1139 3072 1240 3152 nihil
1265 3073 1321 3152 sa-

174 3189 230 3266 cri
261 3189 530 3295 reconditique
559 3188 732 3295 mysterii
762 3186 972 3267 exhibetur
1001 3189 1039 3265 in
1063 3185 1220 3291 vulguS,
1252 3185 1322 3265 nifi

174 3301 307 3407 aliquo
339 3299 559 3378 involutum
590 3318 819 3407 tegumento
840 3316 879 3377 et
896 3298 1051 3377 vestitu.
1110 3298 1236 3375 Hunc
1264 3297 1322 3376 se-

174 3430 286 3488 cutus
306 3411 361 3489 est
377 3411 443 3487 ille
458 3413 619 3489 Naturae
635 3413 777 3490 Matris
796 3412 969 3517 optimus
991 3412 1179 3518 interpres
1194 3409 1322 3503 Plato,

176 3520 271 3597 dum
295 3521 451 3625 fingulis
474 3523 577 3598 Coeli
598 3522 756 3601 orbibus
778 3523 930 3600 Sirenas
953 3521 1137 3628 quasdam
1159 3520 1322 3599 insidere

176 3632 348 3722 tradidit,
380 3660 465 3737 quae
495 3632 750 3711 mellitiffimo
775 3653 890 3712 cantu
918 3634 1026 3711 Deos
1046 3631 1323 3739 Hominesque

176 3742 427 3822 mirabundos
440 3743 608 3850 capiant.
668 3748 801 3851 Atque
822 3742 922 3822 hanc
937 3743 1106 3851 deinque
1125 3742 1324 3852 conspira-

178 3857 327 3934 tionem
354 3883 484 3933 rerum
512 3854 743 3948 universam,
771 3874 810 3934 et
839 3855 1065 3934 consensum
1095 3854 1324 3948 amabilem,

178 3996 297 4074 quem
323 3968 558 4075 Pythagoras
575 3995 644 4074 per
663 3969 927 4047 Harmoniam
949 3969 1108 4045 Poetico
1132 3968 1210 4044 ritu
1235 3967 1324 4044 sub-

179 4079 348 4169 induxit,
372 4082 555 4157 Hameras
574 4080 693 4157 etiam
717 4109 787 4188 per
810 4107 967 4158 auream
992 4081 1102 4157 illam
1123 4077 1240 4185 Javt's
1259 4106 1326 4157 ca·

180 4211 310 4269 tenam
343 4189 391 4267 de
420 4190 534 4268 Coelo
566 4190 781 4298 suspensam
820 4190 1034 4295 infigniter,
1073 4189 1326 4300 apposrtsque

179 4301 438 4381 adumbravit.
500 4303 609 4380 Hinc
624 4323 755 4381 autem
775 4303 859 4381 Ari
884 4304 1004 4395 ateles,
1023 4305 1266 4411 Pythagorae,
1288 4323 1328 4381 et

181 4413 350 4493 Platonis
369 4412 530 4493 aemulus
551 4433 588 4491 et
610 4434 818 4523 perpetuus
841 4414 1128 4508 Calumniator,
1149 4441 1197 4492 ex
1220 4414 1329 4493 labe-
