2956 4980
155 231 237 306 420
454 184 745 284 Prolufiones
772 191 1014 285 Oratoriae.

160 364 385 447 anhelantes
415 384 455 445 et
478 354 645 474 rapinas,
673 364 900 443 infidiantur
923 364 1040 443 bonis
1074 362 1256 454 Civium,
1278 381 1312 441 et

166 480 282 557 noctu
296 477 420 557 solum
435 497 638 584 vagantur,
650 505 697 555 ne
709 478 941 583 detegantur
952 474 1131 555 interdiu
1146 506 1158 569 ;
1175 475 1314 582 quippe

165 591 247 669 dies
271 591 425 668 nullum
450 617 526 668 non
552 589 735 695 indagare
760 586 856 666 solet
883 585 1005 681 nefas,
1031 586 1144 665 haud
1176 586 1316 695 passura

166 702 297 780 lucem
329 701 435 779 suam
467 700 683 779 istiusmodi
711 699 867 806 flagitiis
906 699 1134 807 inquinari;
1169 698 1317 777 nullum

167 809 328 891 habebis
349 813 511 891 obvium
531 811 600 889 nis1
621 813 810 891 Lemures
830 829 870 890 et
889 811 1049 904 Larvas,
1067 830 1110 889 et
1131 807 1316 919 Empusas

168 951 264 1030 quas
285 923 413 1002 secum
431 952 510 1001 nox
529 925 693 1003 comites
709 921 730 1001 ὲ
747 922 841 1001 locis
861 923 1028 1031 asportat
1048 921 1316 1012 subterraneis,

169 1062 333 1141 quaeque
358 1034 438 1113 toti
461 1038 575 1113 noete
597 1055 713 1114 terras
733 1037 773 1113 in
793 1033 858 1113 sua
876 1035 1026 1114 ditione
1052 1033 1148 1127 effe,
1177 1033 1316 1140 sibique

169 1172 262 1224 cum
277 1142 504 1225 hominibus
515 1174 746 1226 communes
762 1140 998 1225 vendicant.'
1043 1146 1227 1252 Ideoque
1238 1143 1317 1252 opi-

171 1285 242 1335 nor
263 1260 416 1336 nostem
439 1259 619 1337 auditum
638 1259 812 1337 nostrum
836 1255 1039 1337 reddidisse
1062 1255 1316 1347 solertiorem,

172 1390 215 1448 ut
236 1369 463 1449 umbrarum
481 1372 652 1477 gemitus
667 1370 872 1451 bubonum
887 1389 927 1449 et
940 1369 1118 1477 strygum
1135 1369 1315 1460 ululatus,

172 1509 216 1559 ac
229 1483 380 1588 rugitus
394 1485 589 1574 Leonum,
604 1510 702 1590 quos
717 1481 840 1562 sames
856 1500 1011 1575 evocat,
1033 1479 1084 1559 eb
1098 1481 1221 1560 citius
1234 1506 1316 1589 per·

172 1593 402 1700 stringerent
421 1623 545 1687 aures,
567 1594 819 1701 animosque3
844 1594 1013 1700 graviori
1033 1612 1148 1671 rnetu
1171 1592 1315 1702 percel-

172 1704 309 1784 lerent.
369 1707 479 1785 Hinc
507 1705 659 1813 liquido
685 1706 847 1798 constat,
879 1733 1000 1814 quam
1029 1704 1075 1784 srt
1105 1704 1176 1782 ille
1210 1702 1316 1784 salsus

172 1817 296 1896 animi
312 1819 380 1923 qui
402 1823 519 1897 noeto
540 1818 720 1897 homines
743 1815 765 1896 ὲ
786 1819 925 1897 timore
945 1815 1089 1896 otiosos
1113 1816 1206 1911 esse,
1230 1843 1317 1894 noc·

174 1945 332 2035 temque
353 1955 462 2008 curas
481 1929 603 2038 sopire
620 1957 757 2008 omnes
776 1949 1004 2022 autumnat;
1027 1956 1206 2036 namque
1223 1927 1317 2006 hanc

174 2065 311 2115 vanam
329 2039 402 2116 esse
423 2060 462 2118 et
480 2042 725 2146 nugatoriam
745 2041 973 2148 opinionem
995 2039 1165 2119 infoelici
1180 2043 1319 2120 nbrunt

171 2151 425 2257 experientia,
440 2152 666 2259 quicunque
683 2152 833 2232 sceleris
849 2152 1064 2260 cujuspiam
1085 2151 1236 2232 conscii
1255 2151 1317 2231 srbi

172 2259 305 2357 fuere3
337 2292 434 2370 quos
462 2285 555 2343 tunc
580 2265 773 2373 Sphinges
804 2284 844 2342 et
867 2265 1070 2372 Harpyia,
1096 2291 1201 2371 quos
1231 2284 1317 2344 tunc

173 2374 380 2482 Gorgones
400 2397 438 2455 et
452 2377 657 2456 Chimaerae
670 2377 866 2455 intentatis
883 2374 1031 2455 facibus
1046 2375 1315 2484 insequuntur,

173 2487 317 2564 ndrunt
337 2488 481 2581 miseri,
502 2490 679 2596 quicum
701 2488 830 2567 nullus
849 2488 944 2566 adsit
960 2489 1029 2595 qui
1050 2485 1258 2566 subveniat
1275 2486 1317 2565 iis

173 2615 213 2674 et
231 2598 461 2703 opituletur,
493 2601 621 2679 nullus
651 2603 720 2707 qui
747 2598 927 2678 dulcibus
956 2599 1140 2704 alloquiis
1169 2599 1317 2678 dolores

173 2708 304 2800 leniat,
326 2710 373 2789 ad
393 2712 506 2789 bruta
526 2711 613 2791 saxa
633 2714 756 2791 irritas
770 2710 923 2815 jaciunt
941 2710 1135 2817 querelas,
1157 2709 1316 2790 subinde

172 2841 400 2928 exoptantes
438 2825 631 2902 oriturum
661 2823 895 2902 diluculum.
971 2823 1126 2901 Idcirco
1163 2821 1318 2901 Ovidius

175 2933 385 3012 Poetarum
412 2935 714 3042 elegantissimus
742 2937 897 3012 noslem
919 2933 1008 3037 jure
1031 2935 1188 3042 optimo
1209 2962 1318 3012 cura-

172 3071 260 3122 rum
287 3047 502 3125 maximam
530 3049 722 3126 nutricem
747 3046 970 3154 appellavit.
1033 3045 1157 3155 Qod
1187 3064 1316 3124 autem

171 3184 218 3233 eo
239 3159 482 3264 potissimum
504 3179 678 3266 tempore
699 3157 817 3236 frasla
837 3177 876 3235 et
895 3154 1107 3262 defatigata
1121 3156 1318 3235 laboribus

172 3268 321 3348 diurnis
341 3298 503 3379 corpora
520 3298 737 3349 recreemus
757 3269 891 3348 somno
912 3287 951 3346 et
970 3267 1254 3358 refocillemus,
1282 3269 1318 3347 id

173 3383 345 3460 numinis
366 3381 602 3461 beneficium
623 3381 775 3460 estnon
795 3381 918 3459 noblis
938 3407 1105 3473 munus;
1137 3379 1200 3458 sed
1224 3381 1317 3472 esto,

173 3518 251 3568 non
272 3492 327 3570 est
348 3495 443 3570 tanti
465 3493 620 3572 somnus
644 3513 687 3571 ut
703 3493 783 3598 ejus
807 3518 901 3599 ergo
922 3495 1078 3570 nostem
1104 3493 1143 3569 in
1171 3491 1318 3571 honore

173 3600 398 3695 habeamus,
423 3606 623 3683 enimvero
654 3632 746 3682 cum
772 3602 1056 3712 proficiscimur
1082 3603 1317 3696 dormitum,

173 3744 304 3795 revera
325 3715 438 3793 tacite
460 3713 629 3795 fatemur
649 3743 718 3794 nos
743 3715 920 3794 imbelles
946 3733 991 3793 et·
1005 3712 1163 3793 miseros
1184 3714 1318 3794 homi-

173 3859 254 3923 nes,
271 3829 339 3937 qui
361 3829 510 3908 minuta
531 3827 611 3907 haec
632 3826 858 3936 corpuscula
878 3854 925 3904 ne
944 3827 990 3905 ad
1007 3827 1201 3933 exiguum
1217 3844 1320 3907 tem-

169 3972 242 4052 pus
263 3943 339 4020 fine
361 3942 494 4049 requie
519 3939 725 4025 sustentare
746 3940 955 4018 valeamus.
1016 3940 1069 4017 Et
1094 3957 1199 4017 certe
1223 3940 1319 4045 quid

172 4053 277 4132 aliud
291 4053 345 4131 est
362 4054 516 4133 somnus
529 4081 646 4162 quam
663 4053 800 4130 mortis
814 4052 945 4157 imago
957 4070 997 4128 et
1015 4050 1319 4130 simulachrum?

171 4165 265 4244 hinc
286 4167 444 4244 Homero
464 4167 577 4245 Mors
598 4184 637 4243 et
657 4166 824 4242 Somnus
845 4162 1020 4240 Gemelli
1042 4161 1127 4241 sunt
1147 4189 1227 4240 uno
1246 4190 1319 4270 ge-

170 4278 291 4357 nerati
313 4298 522 4385 conceptu,
548 4269 626 4356 uno
653 4299 766 4385 partu
796 4274 904 4352 editi.
966 4272 1183 4366 Postremo,
1210 4275 1320 4381 quod

170 4393 281 4468 Luna
301 4411 513 4496 caeteraque
535 4389 676 4495 Sydera
697 4385 799 4466 nosti
820 4384 902 4464 suas
919 4385 1121 4494 praeserant
1142 4384 1259 4477 faces,
1278 4386 1320 4464 id
