2956 4980
368 239 529 334 Literae
557 234 751 334 Oliverii
777 239 1066 333 ProteOOriS.
1216 275 1294 356 313

501 524 704 606 Ordinibus
724 524 949 606 Hellandiae.

152 691 331 881 CUm
360 718 404 768 ea
425 687 559 768 nostrae
584 689 702 797 Reip.
724 717 818 767 cum
836 689 960 767 vestra
984 688 1198 769 intercedat
1227 717 1297 767 ne-

269 801 471 893 cessitudo,
506 828 551 878 ea
588 800 661 878 s1nt
699 802 882 906 utrinque
928 803 1098 906 negotia,
1134 820 1177 880 ut
1220 801 1298 880 sine
1396 898 1399 903 ,

151 914 318 992 Oratore
338 933 455 1019 atque
476 912 687 1020 interprete
706 913 768 990 vel
788 909 881 990 hinc
901 912 964 990 vel
989 913 1079 991 inde
1108 912 1218 991 milio
1238 940 1298 992 res

151 1042 267 1103 tantae
291 1024 339 1102 ad
367 1025 580 1103 utilitatem
604 1022 804 1131 utriusque
831 1025 958 1129 gentis
978 1023 1161 1102 constitui
1187 1050 1299 1101 com-

151 1134 271 1214 mode
290 1137 359 1214 vix
379 1135 535 1244 poffint,
556 1162 606 1212 ex
625 1134 695 1212 usu
715 1136 919 1219 communi
939 1133 1023 1213 fore
1043 1135 1217 1215 arbitrati
1237 1134 1299 1212 su-

150 1274 256 1338 mus,
271 1266 316 1325 ut
335 1246 532 1353 Georgium
552 1245 775 1351 Duningum
788 1247 934 1324 Virum
954 1247 1144 1340 nobilem,
1166 1247 1301 1325 multis

149 1384 194 1436 ac
224 1359 341 1437 variis
366 1358 534 1466 negotiis
561 1354 713 1436 summa
739 1358 831 1449 fide,
853 1357 1046 1466 probitate
1074 1386 1118 1437 ac
1147 1356 1300 1437 solertia

150 1468 383 1578 speetatum,
402 1470 488 1597 jam
513 1469 582 1547 diu
610 1469 722 1548 nobis
749 1489 788 1549 et
814 1469 1034 1576 cognitum,
1062 1497 1109 1548 eo
1136 1496 1300 1548 munere

151 1581 386 1661 instructum
402 1581 674 1660 mitteremus.
705 1608 774 1687 qur
763 1580 922 1659 nostro
942 1582 1102 1659 nomine
1116 1580 1219 1689 apud
1233 1608 1301 1660 vos

151 1710 322 1785 maneat,
352 1694 398 1771 iis
424 1692 600 1771 maxime
625 1691 803 1771 officiis
792 1710 978 1785 intentus,
1005 1693 1147 1800 quibus
1174 1691 1301 1771 nostra

151 1804 328 1883 amicitia
350 1803 445 1883 sarta
466 1807 565 1883 tecta
585 1802 800 1883 conservari
826 1795 931 1911 poffe
947 1832 1070 1911 quam
1088 1802 1300 1883 diutiffime

150 1915 342 1996 videatur.
402 1917 494 1994 Hac
520 1915 568 1993 de
594 1942 635 1993 re
661 1942 756 1994 cum
787 1915 836 1993 ad
866 1914 1050 1995 Excelsos
1077 1933 1117 1994 et
1145 1917 1301 2045 Praepo-

153 2045 279 2106 tentes
312 2027 483 2106 Ordines
513 2025 746 2133 scripsimus,
777 2046 863 2106 tum
882 2053 951 2105 vos
977 2055 1135 2135 quoque
1161 2029 1231 2135 qui
1260 2027 1301 2105 in

153 2138 362 2217 Provincia
389 2138 512 2218 vestra
540 2138 699 2217 summae
724 2138 779 2217 rei
807 2137 1013 2246 praefidetis
1040 2157 1079 2216 et
1106 2139 1139 2215 F
1141 2140 1301 2218 oederatr

155 2249 287 2355 Belgii
308 2268 413 2328 tanta
432 2276 517 2357 pars
538 2249 640 2343 estis,
661 2250 844 2328 certiores
864 2247 1061 2328 faciendos
1084 2277 1154 2356 per
1174 2251 1303 2329 literas

152 2361 364 2455 duximus;
396 2379 506 2440 utet
533 2362 709 2440 nostrum
743 2361 954 2439 Oratorem
979 2361 1024 2439 ei
1052 2362 1200 2439 ratione
1225 2360 1303 2466 qua

154 2473 340 2551 convenit
360 2473 573 2580 accipiatis,
595 2492 634 2551 et
652 2501 739 2580 quae
762 2471 828 2550 ille
848 2500 941 2550 cum
964 2472 1109 2577 exceffis
1134 2472 1304 2552 Dominis

158 2581 364 2664 Ordinibus
383 2583 623 2691 transegerit,
644 2612 689 2662 ea
707 2583 816 2662 vobis
837 2582 1095 2690 persuadeatis
1124 2611 1302 2693 peraeque

155 2694 270 2774 firma
290 2722 334 2774 ac
355 2715 435 2774 rata
455 2723 524 2775 nos
543 2695 617 2774 effe
638 2693 854 2786 habituros,
868 2695 941 2773 acfi
956 2696 1027 2804 ipsr
1047 2696 1160 2776 rebus
1181 2697 1303 2776 trans-

155 2809 251 2887 aetis
281 2833 415 2886 coram
453 2804 769 2884 interfuissemus.
843 2807 953 2886 Deus
988 2808 1146 2886 consilia
1180 2808 1304 2887 vestra

155 2936 194 2997 et
219 2917 320 2997 faeta
346 2918 480 2997 omnia
507 2918 555 2996 ad
583 2919 752 3024 gloriam
780 2916 889 2995 suam
909 2939 949 2997 et
967 2918 1132 2997 ecclefiae
1162 2946 1302 3027 pacem

158 3029 315 3137 dirigat.

244 3137 551 3250 Westmonasserio
571 3139 647 3220 &a
669 3140 844 3219 Decemb.
873 3142 991 3247 1657.

189 3473 391 3553 Oliverius
412 3475 610 3554 Preterior
631 3474 739 3582 Reip.
761 3475 932 3580 Angla,
953 3474 1030 3553 &a
1061 3471 1280 3578 Sereniffirno

257 3586 435 3693 Principi
448 3585 696 3664 Ferdinando
712 3588 857 3692 Magno
874 3587 983 3665 Duri
996 3585 1211 3665 Hetruriae.

159 3744 405 3824 Sereniffime
427 3746 526 3823 Dux
546 3747 712 3852 Magne,
733 3746 859 3824 amice
879 3745 1007 3824 noster

355 3857 577 3964 plurimum
592 3856 770 3949 colende,

248 3982 491 4087 Ermagnam
512 3980 624 4060 nobis
643 3980 808 4060 attulere
824 3981 1068 4088 voluptatem
1088 3981 1207 4060 literae
1224 3981 1310 4065 Cel-

259 4091 442 4196 sttudinis
471 4091 617 4170 Vestrae
644 4094 800 4171 decimo
833 4094 936 4171 Nou.
966 4093 1160 4174 Florentii
1189 4094 1308 4187 datae3

158 4201 203 4278 in
223 4204 368 4308 quibus
394 4203 708 4283 benevolentiam
736 4231 828 4311 erga
847 4231 917 4283 nos
937 4205 1117 4285 Vestram
1142 4232 1189 4284 eo
1207 4204 1310 4282 vidi·

158 4340 250 4392 mus
272 4315 590 4424 perspectiorem,
605 4335 754 4423 quanto
772 4344 830 4395 res
845 4316 933 4424 ipsae
947 4316 1088 4409 verbis,
1106 4315 1205 4394 faeta
1218 4342 1311 4423 pro-

157 4425 283 4505 miffis
302 4428 464 4506 certiora
491 4426 758 4508 benevolentis
776 4428 898 4506 animi
924 4427 1067 4507 indicia
1088 4428 1198 4506 sunt:
1228 4453 1315 4535 quae
