2956 4980
393 253 558 349 Literae
584 259 776 349 Senatus
804 249 1072 384 Anglicani.
1235 296 1313 377 233

155 450 277 534 poenc
296 424 510 520 suffocasse,
532 446 576 508 ut
594 427 761 507 minime
782 456 914 509 veram
935 429 983 509 ab
1005 429 1088 538 ipso
1107 427 1315 510 confeffio·

158 564 255 617 nem
279 556 576 646 extorquerent,
596 541 645 619 de
674 543 762 622 navi
789 560 906 648 atque
930 544 1198 622 mercimoniis
1223 543 1316 636 illis,

159 649 270 757 quafi
291 651 503 733 Gallorum
523 653 655 732 effent.
715 653 837 761 Qud
861 654 1011 734 tametfi
1034 654 1228 761 Magister
1248 654 1315 733 illc

159 764 370 870 caeterique
382 762 476 843 socii
488 767 596 845 navis
609 764 775 844 firmiter
789 765 1069 874 pernegabant‚
1088 764 1318 874 Ostendetffes

160 892 311 967 tamen,
326 896 367 955 et
386 878 519 956 navim
533 897 573 958 et
587 878 786 957 mercedes
802 879 842 955 in
857 889 1018 988 portum
1032 878 1146 958 suum
1161 878 1314 958 abdux-

159 1006 291 1067 erunt.
353 989 452 1068 Haec
478 991 518 1068 in
544 991 665 1069 Curia
691 990 845 1070 Navali
870 992 1040 1096 Angliae,
1066 990 1316 1097 inquisitione

162 1095 280 1192 facta,
307 1099 542 1209 testibusque
567 1100 768 1196 adhibitis,
794 1130 883 1181 vera
907 1103 980 1181 effe
1009 1130 1239 1211 apparuere,
1271 1119 1317 1181 ut

159 1236 212 1289 ex
244 1210 498 1320 autographis
530 1214 848 1294 testimoniorum
873 1241 960 1320 quae
988 1212 1167 1293 cumbis
1193 1213 1315 1293 literis

161 1321 279 1404 fimul
299 1323 476 1405 mifimus
497 1325 704 1405 manifesto
724 1326 904 1432 liquebit.
967 1326 1074 1403 Cum
1096 1326 1227 1431 itaque
1248 1325 1316 1405 illa

162 1435 307 1528 Navis,
327 1439 447 1516 Anna
464 1438 629 1549 Foyensts
640 1437 758 1530 dicta,
776 1457 893 1542 atque
910 1437 1167 1516 mercimonia
1183 1438 1317 1516 omnia

160 1547 512 1657 peculiariterverb
524 1576 568 1628 ac
580 1548 738 1659 proprib
752 1549 799 1627 ad
812 1548 958 1655 Anglos
971 1551 1206 1656 pertineant,
1218 1547 1317 1627 adeo

160 1676 206 1738 ut
224 1659 335 1739 nulla
359 1660 471 1741 causa
495 1679 678 1770 appareat
699 1688 770 1741 cur
791 1658 1021 1768 Ostendeaffes
1038 1660 1101 1739 vel
1125 1659 1235 1738 illam
1253 1659 1316 1739 vel

161 1798 206 1850 ea
224 1773 267 1850 vi
286 1792 482 1880 caperent,
503 1771 633 1853 multd
656 1769 788 1852 minus
813 1772 1011 1852 auferrent
1034 1772 1142 1850 navis
1161 1771 1316 1878 Magis-

163 1901 286 1977 trum,
311 1902 379 1964 aut
405 1883 628 1966 societatem
654 1904 735 1965 tarn
759 1882 856 1964 dure
882 1888 1110 1978 tractarent3
1141 1910 1316 1991 cumque

164 1991 380 2075 secundbm
416 1997 521 2104 leges
553 1998 779 2077 Nationum
814 2016 932 2104 atquc
964 1996 1181 2075 amicitiam
1214 1997 1316 2076 inter

164 2109 310 2213 Anglos
337 2108 599 2218 Blandasque,
627 2110 760 2190 navim
783 2108 894 2188 illam
917 2125 1034 2214 atque
1058 2108 1318 2187 mercimonia

165 2219 275 2298 reddi
300 2239 495 2329 oporteat,
524 2220 764 2329 magnopere
791 2223 963 2329 petimus
991 2221 1039 2299 ab
1072 2221 1318 2299 Excellentia

165 2331 302 2425 vestra,
319 2333 437 2438 utjus
453 2333 566 2413 suum
581 2333 793 2441 Anglicani
805 2330 956 2412 mature
970 2332 1186 2424 obtineant,
1199 2351 1316 2439 atque

168 2442 244 2522 illis
275 2443 433 2524 satisfiat
461 2447 531 2552 qui
560 2445 752 2525 damnum
775 2463 1025 2553 acceperunt,
1054 2462 1176 2551 utque
1205 2470 1316 2522 com-

169 2557 376 2650 mercium,
397 2576 437 2638 et
460 2557 652 2637 Amicitia
676 2587 762 2666 quae
785 2558 886 2636 inter
904 2557 1050 2665 Anglos
1070 2555 1318 2667 Flandrosque

169 2667 232 2760 est,
254 2664 324 2747 dib
345 2688 462 2777 atque
483 2668 648 2750 firmiter
667 2669 926 2750 conservetur.

549 3054 695 3161 Legata
716 3051 929 3162 Hstanico.

251 3217 514 3296 Arlamentum
534 3215 693 3323 Reipub.
714 3215 870 3321 Angliae
889 3243 983 3294 cum
1003 3213 1210 3320 intelligat,
1226 3214 1317 3322 plu-

277 3330 399 3408 rimos
425 3356 475 3408 ex
501 3327 653 3437 populo
677 3328 718 3406 in
741 3326 815 3405 haic
842 3327 937 3406 urbe
962 3323 1043 3405 tam
1063 3325 1317 3406 Excellentiae

170 3440 315 3534 vestrae,
337 3437 456 3549 quam
476 3441 644 3520 aliorum
664 3442 905 3547 Legatorum
923 3459 963 3518 et
982 3439 1250 3518 ministrorum
1269 3437 1318 3516 ab

167 3554 313 3633 exteris
334 3552 557 3659 regionibus
573 3551 825 3661 publicorum
845 3548 911 3630 hic
931 3551 1165 3631 versantium
1180 3551 1318 3630 domos

168 3663 1317 3775 Mf'ffaeaudiendaecausdfrequentare‚ConciliaStatusman-

165 3778 354 3870 davit,uti
367 3777 622 3857 Excellentiae
634 3776 765 3855 vestrae
776 3772 1122 3881 fignificaret,ci1m
1134 3773 1211 3854 hoc
1224 3800 1318 3879 gen-

166 3890 213 3969 tis
223 3889 341 3995 hujus
352 3887 505 3995 legibus
514 3889 811 3980 damnatum,ac
821 3889 862 3965 in
872 3886 945 3967 haic
957 3888 1085 3967 nostra
1095 3887 1317 3994 Republica

163 4003 262 4082 mali
286 4001 503 4081 admodum
527 4001 703 4108 exempli
731 4002 790 4093 fit,
816 3999 1113 4108 offensronisque
1138 3999 1317 4108 plenum,

162 4114 320 4195 censere
340 4112 391 4206 se,
412 4113 469 4193 sui
494 4113 608 4222 plane
628 4114 750 4194 officii
770 4112 858 4205 effe,
879 4140 928 4191 ne
952 4112 1048 4219 quid
1074 4112 1149 4191 tale
1172 4108 1317 4191 dehinc

162 4225 470 4335 fiatprovidere:
502 4224 1148 4334 coetusqueejusmodiinfuturum
1160 4221 1317 4333 prorsus

161 4337 411 4420 interdicere.
459 4339 553 4450 Q&
572 4339 677 4417 dere
694 4338 982 4418 Excellentiam
1000 4338 1167 4416 vestram
1181 4336 1319 4414 admo-

159 4452 290 4532 nitam
316 4478 421 4531 nunc
453 4451 526 4531 effe
555 4452 755 4559 cupimus,
787 4471 830 4529 ut
861 4477 1058 4558 nequem
1088 4479 1137 4528 ex
1168 4450 1317 4558 populo
