2956 4980
162 262 185 318 2
190 263 242 344 50
388 219 550 316 Literae
576 217 770 316 Oliverii
796 216 1091 317 Ρτοῐεᾶοτίε

158 395 284 474 cunda
304 395 402 473 ratio
419 396 506 488 erit,
522 422 600 502 qua
615 394 813 503 provideri
829 392 981 473 mature
996 392 1126 502 possit,
1141 417 1189 467 ne
1204 404 1289 467 tanta

158 506 563 587 innocentiffimorum
614 504 781 586 fratrum
827 504 1049 586 nostrorum
1093 497 1291 583 multitudo

160 621 271 698 omni
294 647 369 727 ope
397 619 579 698 destituta
606 614 824 697 miserrime
848 637 993 725 pereat.
1053 613 1178 725 Qod
1204 611 1292 690 idem

159 732 256 840 quin
277 730 478 837 MaJ'estati
497 731 627 809 vestrae
646 728 808 809 visum
791 756 878 834 Jam
900 728 946 808 fit
968 746 1086 836 atque
1105 727 1291 806 decretum

160 872 254 924 cum
265 843 374 923 nullo
386 843 506 922 modo
517 841 760 934 dubitemus
775 838 876 919 nihil
889 837 1114 932 consultius,
1129 834 1292 917 utnostra

160 956 321 1064 quidem
344 953 420 1033 fert
444 952 644 1047 sententia,
665 952 738 1032 effe
759 953 905 1061 poterit
922 980 1044 1060 quam
1064 967 1109 1031 ut
1129 948 1292 1057 gratiam,

161 1064 457 1158 authoritatem,
484 1065 705 1159 confilia,o
681 1092 790 1173 opes,
815 1082 854 1143 et
878 1063 1004 1172 liquid
1029 1061 1137 1141 aliud
1164 1054 1292 1138 necesse

162 1177 290 1271 est,1n
311 1174 413 1256 hanc
434 1204 518 1255 rem
538 1178 668 1284 primo
683 1203 842 1285 quoque
858 1194 1035 1284 tempore
1047 1171 1293 1254 conferamus

163 1289 316 1370 Interea
341 1288 591 1395 Majestatem
616 1288 781 1368 vestram
808 1289 898 1368 Deo
926 1291 1025 1397 opt.
1050 1286 1170 1366 Max.
1200 1308 1295 1364 com·

161 1402 385 1482 mendatam
406 1429 456 1480 ex
476 1401 610 1483 animo
629 1401 827 1482 volumus.

164 1789 365 1868 Oliverius
396 1789 596 1868 Protellor
628 1788 737 1898 Reip.
752 1821 754 1824 ’
771 1787 941 1895 Angliae,
971 1786 1049 1868 &a
1080 1785 1246 1868 Excels
1273 1796 1302 1862 et

208 1899 510 2008 Praepotentibus
521 1899 692 1981 Dominis
706 1899 899 1980 Foederati
908 1898 1036 2007 Belgii
1050 1897 1267 1979 Ordinibus.

165 2078 477 2270 EDicluml
437 2078 562 2158 Ducis
573 2077 770 2159 Sabaudiae
784 2079 1058 2188 nuperrimam
1071 2079 1110 2157 in
1123 2078 1206 2185 subJ'
1209 2083 1309 2159 eflos

282 2187 352 2268 fibi
378 2190 535 2299 Alpinos
561 2192 721 2285 incolas,
749 2190 1028 2272 Orthodoxam
1057 2190 1311 2299 Religionem

162 2297 379 2431 antiquitus
406 2301 646 2411 profitentes,
670 2331 751 2411 quo
777 2303 838 2382 illi
860 2304 1003 2398 edicio,
1032 2304 1073 2381 ni
1104 2304 1206 2383 intra
1232 2303 1314 2382 dies

160 2415 303 2520 viginti
324 2413 444 2494 fidem
464 2417 667 2495 Romanam
687 2416 987 2524 amplectantur,
1008 2415 1118 2495 exuti
1145 2413 1315 2495 fortunis

159 2526 359 2619 omnibus,
384 2528 517 2635 patriae
545 2555 704 2635 quoque
734 2527 840 2608 sedes
867 2529 1086 2635 relinquere
1104 2526 1312 2632 jubentur,

162 2654 202 2715 et
221 2638 366 2744 quanti
385 2638 614 2718 crudelitate
635 2641 675 2718 in
698 2638 880 2718 homines
904 2639 1085 2718 innoxios
1110 2657 1229 2745 atque
1250 2641 1318 2717 in-

161 2776 256 2857 opes
276 2749 513 2857 nostrofque,
533 2751 639 2858 quod
660 2750 833 2831 maxime
854 2750 986 2845 refert,
1004 2751 1044 2828 in
1067 2750 1211 2859 Christo
1233 2748 1317 2830 fra-

165 2878 240 2940 tres
257 2861 360 2941 illius
380 2861 497 2941 edicti
513 2865 720 2943 auctoritas
735 2863 895 2972 graffata
910 2863 969 2956 fit,
987 2862 1119 2942 occifis
1133 2863 1319 2970 permul-

163 2974 211 3053 tis
224 2973 272 3052 ab
286 2975 479 3053 exercitus
492 2995 600 3084 parte
615 2994 749 3055 contra
764 3005 829 3056 eos
843 2975 966 3068 miffa,
976 2975 1137 3083 direptis
1149 2974 1317 3083 reliquis

163 3105 280 3193 atque
310 3087 429 3166 domo
460 3087 643 3192 expulsis,
672 3088 775 3167 unde
803 3087 861 3166 illi
888 3115 982 3167 curn
1004 3086 1239 3193 conjugibus
1267 3114 1316 3166 ac

162 3197 293 3278 liberis
321 3198 426 3279 fame
457 3218 496 3279 et
527 3197 675 3307 frigore
705 3199 920 3279 conflictari
949 3199 1051 3278 inter
1080 3196 1316 3306 asperrimos

163 3329 316 3390 montes
329 3310 511 3419 nivesque
524 3330 729 3420 perpetuas
735 3312 890 3418 jamdiu
901 3311 1027 3390 coacti
1039 3307 1139 3403 funt,
1154 3336 1317 3388 rumore

163 3440 203 3501 et
222 3423 359 3500 vicinis
380 3423 554 3530 undiquc
569 3452 620 3503 ex
640 3424 736 3503 locis
748 3423 993 3503 creberrimis
1008 3421 1130 3500 literis
1145 3449 1191 3501 ac
1210 3448 1318 3500 nun-

164 3534 228 3613 tiis
258 3533 478 3639 cognovilfe
513 3563 580 3614 vos
608 3535 846 3641 jamdudum
877 3533 1158 3614 existimamus.
1219 3537 1318 3643 Qa

162 3665 295 3725 autem
315 3646 438 3725 animi
454 3648 737 3740 commotione,
751 3676 830 3756 quo
843 3646 950 3726 sensu
963 3645 1138 3725 fraternae
1149 3643 1318 3725 calami-

165 3759 253 3839 tatis
279 3756 361 3838 haec
386 3787 453 3838 vos
478 3759 692 3853 affecerint,
714 3757 829 3839 facile
853 3787 904 3838 ex
928 3757 1062 3839 dolore
1086 3756 1216 3837 nostro
1242 3757 1315 3865 qui

163 3890 268 3952 certe
288 3872 343 3951 est
362 3872 604 3978 graviffimus
625 3872 843 3980 intelligere
863 3871 1056 3950 videmur.
1099 3869 1184 3978 Qi
1203 3870 1315 3948 enim

164 3983 305 4063 eodem
339 3985 538 4091 religionis
570 3984 727 4064 vinculo
762 3984 960 4089 conjuncti
994 3981 1141 4076 fumus,
1175 3982 1318 4089 quidni

164 4095 300 4175 iisdem
327 4095 441 4202 plane
471 4095 675 4176 affectibus
702 4098 742 4175 in
771 4115 852 4176 tam
875 4095 983 4201 gravi
1009 4112 1127 4204 atque
1150 4093 1314 4200 indigna

164 4207 330 4288 fratrum
351 4206 572 4287 nostrorum
591 4224 947 4290 commoveremur.
1007 4209 1062 4287 Et
1073 4205 1196 4285 vestra
1219 4207 1315 4311 qui-

163 4323 254 4400 dem
272 4319 311 4397 in
334 4315 592 4399 Orthodoxos
611 4321 836 4428 ubicunque
858 4319 1036 4399 locorum
1057 4318 1235 4424 disjeClos
1251 4335 1314 4398 at·

163 4460 239 4540 que
266 4429 461 4540 oppreffos
490 4431 654 4541 speciata
674 4432 796 4542 pietas
816 4451 932 4541 atque
953 4432 993 4510 in
1014 4431 1150 4511 multis
1171 4430 1314 4509 Eccle-
