2956 4980
285 148 367 225 240
509 113 674 209 Litetae
698 108 892 207 Oliverii
911 112 1201 207 ProtefloriS.

280 438 480 518 Oliverius
495 441 694 519 Preterion
704 438 862 546 Rn'pub.
876 438 1047 545 Angliae,
1061 435 1209 530 Scntiae,
1217 430 1468 514 Hibernia!

336 551 416 629 &c
448 552 669 658 Serenffnu
684 552 862 660 Princrpi
872 551 1018 629 Carolo
1030 548 1205 628 Gustavo
1217 547 1468 625 Suecornnz

338 663 555 757 Gothorum,
588 663 908 772 Vandnlorunnque
937 662 1047 766 Regi,
1079 663 1224 766 Magno
1255 657 1468 765 Princiffi

336 776 375 853 F
373 775 561 869 inlandiae,
575 777 687 856 Duci
696 776 894 885 Esthoniae,
909 775 1085 865 Carelt‘ae,
1099 774 1262 862 Brenn,
1282 771 1325 847 V
1316 769 1468 848 endis

335 887 488 980 Stetini,
521 889 768 981 Pomernniae,
798 887 981 996 Caffubiae
1009 905 1046 965 et
1073 883 1281 973 Vandaliae,
1307 882 1468 960 Prin<

332 999 411 1107 cipi
426 999 578 1104 Rugiae,
592 1001 750 1079 Domino
768 1000 930 1106 Ingerit,
948 997 1183 1106 Wffmnriae,
1203 1024 1339 1073 necnon
1356 996 1468 1072 Cn

332 1110 419 1189 miti
454 1112 633 1191 Palatino
667 1113 805 1205 Rheni,
844 1111 1044 1201 Bouaria,
1083 1107 1174 1216 Jul.
1215 1107 1356 1186 clivia
1391 1142 1464 1184 a>

335 1223 525 1305 Montium
544 1224 665 1317 Duri,
686 1226 764 1304 &c
786 1225 974 1303 Salutem.

363 1396 608 1475 Sereniffime
629 1398 744 1490 Rex3

279 1520 459 1710 CUm
478 1522 696 1600 Succorum
717 1521 908 1627 Regnum
930 1547 1002 1628 per
1024 1516 1139 1598 hosce
1162 1518 1245 1598 dies
1264 1515 1468 1596 summa·-

398 1631 537 1740 populi
565 1632 714 1728 studiis,
739 1634 1000 1740 omniumque
1027 1632 1212 1711 ordinum
1235 1620 1468 1736 suffragii

279 1742 491 1823 liberrimis
511 1744 736 1825 transsatum
755 1745 804 1824 ad
823 1772 891 1825 vos
911 1742 1000 1838 effe,
1021 1761 1104 1823 toto
1123 1740 1218 1822 orbe
1235 1760 1465 1821 terrarum

276 1854 556 1962 percrebuerit,
571 1858 611 1935 id
623 1856 798 1936 maluisse
810 1855 1061 1962 Majestatem
1072 1854 1236 1935 vestram
1249 1852 1328 1933 suis
1341 1853 1449 1932 lite-

276 1967 328 2045 ris
348 1967 604 2061 amicissimis,
620 1967 742 2077 quim
757 1968 915 2076 vulgati
931 1965 1036 2048 fama
1050 1995 1120 2048 nos
1136 1965 1375 2074 intelligere,
1390 1979 1436 2043 et

276 2077 437 2158 summae
456 2081 737 2160 benevolentiae
757 2109 848 2188 erga
866 2108 935 2160 nos
954 2081 1099 2172 vestrae,
1119 2097 1159 2158 et
1174 2076 1339 2159 honoris
1365 2079 1425 2156 in-

276 2209 334 2271 ter
348 2194 496 2300 primos
512 2193 690 2273 attributi
705 2212 986 2300 argumentum
1001 2190 1107 2271 haud
1123 2191 1208 2271 leve
1223 2190 1298 2271 effe
1314 2189 1420 2270 duci-

275 2331 378 2383 mus.
410 2304 528 2383 Illam
540 2307 672 2414 itaque
682 2305 815 2385 vestris
828 2306 979 2384 meritis
991 2303 1159 2415 egregiis
1171 2303 1422 2382 acceffionem

274 2415 489 2521 dignitatis,
505 2421 791 2526 praemiumque
806 2419 948 2496 virtute
968 2417 1072 2496 tanti
1085 2414 1374 2524 digniffimum,
1388 2432 1424 2493 et

275 2524 425 2633 sponte,
447 2547 486 2606 et
499 2529 588 2633 jure
609 2531 719 2610 vobis
735 2530 1002 2637 gratulamur:
1033 2530 1152 2637 idque
1169 2546 1214 2608 ut
1230 2525 1426 2636 Mnjastati

274 2637 404 2718 vestrae
421 2641 687 2751 Succorumque
703 2642 840 2736 Genti,
862 2643 997 2749 reique
1017 2643 1091 2721 toti
1109 2638 1334 2748 Christianae
1354 2640 1423 2717 bo-

273 2776 372 2830 num
404 2770 521 2860 atque
550 2752 721 2835 faustum
751 2755 809 2848 fit,
834 2753 941 2861 quod
972 2772 1012 2833 et
1039 2752 1150 2834 vobis
1178 2749 1356 2831 maxime
1385 2752 1424 2829 in

273 2864 374 2943 votis
408 2866 479 2958 est,
500 2864 654 2979 junctis
686 2866 866 2976 precibus
901 2867 1037 2944 Deum
1071 2890 1242 2945 oramus.
1302 2860 1424 2972 de

274 2995 408 3055 autem
435 2975 592 3057 foederis
616 2979 717 3058 inter
740 2978 840 3058 hanc
867 2976 1189 3086 Rempublicam‚
1216 2975 1427 3084 Sueciaeque

275 3087 463 3195 Regnum
483 3117 616 3170 reeens
638 3092 707 3170 itti
726 3089 1059 3170 conservationem
1080 3088 1266 3194 Majestas
1285 3086 1425 3180 vestra,

273 3202 380 3305 quod
396 3200 444 3279 ad
464 3200 502 3279 se
521 3203 660 3282 attinet
681 3203 992 3310 integerrimam,
1010 3199 1130 3308 usque
1156 3198 1204 3280 eb
1227 3228 1331 3279 curae
1356 3198 1426 3279 fibi

274 3307 358 3388 fore
378 3311 598 3407 confirmat,
621 3335 665 3393 ut
684 3342 770 3422 quae
789 3342 895 3394 nunc
910 3312 1117 3394 intercedit
1135 3312 1325 3405 amicitia,
1347 3338 1426 3390 non

271 3448 501 3529 permanere
533 3425 674 3519 solum,
706 3426 782 3520 sed,
804 3427 838 3506 fi
864 3427 903 3506 id
929 3425 1014 3505 fieri
1046 3424 1187 3534 potest,
1218 3422 1425 3531 augescere

274 3534 395 3613 etiam
424 3535 549 3616 indies
575 3537 702 3647 poffit,
731 3538 770 3617 id
798 3537 860 3617 vel
885 3540 926 3616 in
955 3536 1121 3617 dubium
1148 3564 1286 3615 vocare
1317 3534 1434 3615 nefas·

274 3644 362 3739 effe,
385 3665 450 3727 tua
471 3649 569 3727 tanti
586 3651 779 3759 Principis
800 3650 877 3729 fide
894 3649 1130 3759 interpofita,
1151 3647 1261 3754 cujus
1278 3648 1427 3754 eximia

273 3757 395 3838 virtus
427 3787 506 3839 non
538 3757 665 3840 solbm
696 3763 736 3839 in
765 3764 1101 3870 peregrinatura
1131 3762 1321 3867 Regnum
1352 3759 1425 3838 tibi

273 3866 563 3951 hereditarium
588 3875 756 3982 peperit,
785 3873 848 3953 sed
875 3870 1030 3955 tantitm
1058 3875 1179 3953 etiam
1209 3873 1354 3982 potuit,
1381 3891 1425 3951 ut

272 3980 536 4087 augustiffima
560 3986 728 4092 Regina,
758 3985 920 4094 Gustavi
942 3985 1037 4078 filia,
1061 3986 1127 4065 cui
1149 4012 1285 4094 parem
1310 3985 1425 4064 omni

271 4092 385 4172 laude
406 4094 628 4176 Heroinam
648 4098 772 4176 multa
791 4097 895 4177 retrb
915 4097 1048 4177 saecula
1067 4125 1146 4177 non
1167 4096 1306 4190 tulere,
1332 4094 1423 4204 pos-

270 4204 427 4286 seffione
454 4207 611 4316 imperii
631 4207 837 4311 justiffima
858 4208 1080 4319 inopinanti
1104 4206 1177 4288 tibi
1198 4237 1244 4289 ac
1270 4207 1425 4288 nolenti

269 4317 373 4397 ultrb
392 4319 560 4399 cederet.
621 4320 806 4401 Vestrum
821 4322 992 4430 denique
1013 4339 1094 4400 tam
1115 4320 1308 4429 fingulare
1328 4346 1424 4426 erga

269 4457 338 4508 nos
353 4430 539 4525 studium,
554 4451 713 4539 tamque
726 4434 948 4541 praeclaram
962 4432 1084 4512 animi
1098 4432 1423 4541 fignificationem
