2956 4980
163 248 245 329 430
459 200 750 300 Prolufiones
775 205 1012 300 Oratoriae.

164 385 245 465 sam
263 382 511 491 cognoscere,
533 381 724 489 srmulque
742 380 886 461 sanetas
901 379 985 460 illas
1004 399 1172 474 mentes,
1189 400 1229 459 et
1249 381 1308 458 in·

165 496 402 604 telligentias
420 491 656 601 quibuscum
667 492 753 602 post
773 492 854 571 haec
872 489 1154 600 sempiternum
1167 493 1310 572 initura

165 607 221 687 est
244 606 482 687 sodalitium.
542 604 653 712 Qid
677 604 802 684 multa
834 604 981 683 nimis?
1010 605 1122 684 vobis
1153 603 1216 708 ad}-
1229 601 1310 682 haec

166 719 300 800 omnia
319 716 550 827 Disciplinae
562 717 606 795 fit
620 716 701 809 ille,
715 717 784 823 qui
801 732 1002 823 tantopere
1017 715 1057 794 in
1071 716 1225 796 deliciis
1240 715 1310 808 est,

163 831 394 939 Aristoteles,
417 828 673 937 quiquidem
706 826 788 907 haec
818 855 941 936 prope
977 832 1116 908 cuncta
1146 827 1311 909 scienter

165 961 205 1022 et
223 941 438 1049 conquisito
458 939 596 1049 scripta
615 939 726 1019 nobis
746 938 905 1048 reliquit
921 937 1161 1019 addiscenda.
1224 940 1311 1018 Cu-

158 1054 223 1160 jus
242 1081 318 1161 ego
343 1052 391 1131 ad
417 1079 561 1131 nomen
581 1051 666 1156 jam
686 1050 811 1131 subito
835 1053 1056 1158 permoveri
1081 1052 1206 1130 sentio
1226 1078 1309 1144 vos,

164 1164 409 1257 Academici,
430 1181 546 1270 atque
571 1164 612 1241 in
639 1161 740 1242 hanc
760 1163 989 1241 sententiam
1009 1163 1100 1243 duci
1118 1162 1309 1272 pedeten-

165 1277 254 1370 tim,
275 1295 315 1356 et
333 1275 439 1384 quafi
459 1303 507 1354 eo
531 1275 719 1354 invitante
743 1273 955 1382 proclivius
978 1271 1082 1354 ferri.
1139 1274 1311 1384 Qodfi

166 1389 221 1468 ita
244 1388 302 1482 fit,
330 1388 416 1467 sane
448 1386 530 1492 ejus
554 1387 611 1465 rei
634 1386 806 1479 laudem,
832 1385 1126 1492 cujusquemodi
1155 1386 1225 1478 est,
1252 1386 1311 1464 illi

165 1499 357 1579 debebitis
380 1518 420 1579 et
445 1499 635 1605 gratiam:
672 1499 778 1606 quod
808 1498 967 1576 interim
992 1497 1039 1575 ad
1064 1526 1130 1577 me
1154 1499 1310 1590 attinet,

164 1638 239 1718 ego
259 1629 363 1691 certe
383 1611 470 1690 satis
491 1608 672 1704 habeo,fi
692 1611 847 1688 veniam
866 1609 1100 1719 prolixitatis
1120 1638 1220 1690 meae
1237 1637 1310 1717 pro

164 1723 287 1803 vestra
307 1722 551 1803 humanitate
571 1724 847 1831 impetravero.
906 1722 1023 1800 Dixi.

527 2112 583 2202 In
602 2105 835 2240 Collegi0,
861 2114 946 2204 &c.

616 2326 855 2406 THESIS.

239 2463 287 2538 In
307 2459 383 2539 Rei
397 2458 586 2567 cujustibet
606 2461 762 2542 interitu
780 2491 849 2542 non
868 2460 984 2542 datur
1002 2461 1167 2568 resolutio
1187 2461 1241 2542 ad

529 2575 737 2654 Materiam
758 2574 938 2653 Primam.

255 2725 359 2802 Rror
389 2751 438 2802 an
473 2722 708 2805 &Pandora
742 2725 890 2833 pixide,
923 2752 970 2803 an
998 2752 1048 2803 ex
1074 2725 1312 2831 penitisfimo

282 2837 454 2944 eruperit
475 2837 601 2944 Styge,
619 2864 667 2916 an
687 2836 856 2944 denique
877 2863 977 2915 unus
997 2864 1047 2915 ex
1066 2838 1201 2914 Terrae
1219 2835 1311 2915 filiis

162 2945 202 3023 in
224 2948 371 3026 coelites
392 2946 664 3053 conjuraverit,
692 2974 769 3026 non
790 2948 845 3027 est
864 2945 979 3051 hujus
999 2948 1075 3027 loci
1095 2950 1313 3027 accuratius

161 3057 386 3164 disquirere.
447 3061 539 3139 Hoc
563 3079 696 3141 autem
716 3061 779 3139 vel
798 3087 877 3139 non
899 3058 1083 3139 scrutanti
1106 3058 1222 3139 facile
1247 3060 1312 3137 in-

162 3169 345 3265 notescat,
379 3199 472 3250 eum
511 3200 561 3252 ex
594 3171 739 3251 infimis
777 3172 1042 3264 incrementis,
1063 3172 1186 3251 veluti
1211 3171 1312 3250 olim

163 3276 324 3388 Typhon,
355 3302 422 3361 aut
442 3285 618 3392 Neptuno
641 3285 795 3391 genitus
817 3283 1010 3391 Ephialtes
1033 3286 1075 3362 in
1105 3302 1186 3362 tam
1217 3311 1312 3390 por-

161 3392 350 3472 tentosam
370 3395 527 3474 crevisse
547 3396 876 3502 magnitudinem,
902 3413 947 3474 ut
965 3395 1035 3503 ipsr
1056 3395 1220 3503 quidem
1241 3423 1311 3473 ve-

161 3502 267 3580 ritati
286 3504 334 3582 ab
355 3507 425 3584 illo
446 3527 634 3586 metuam.
694 3507 822 3586 Video
848 3508 955 3585 enim
979 3534 1072 3586 cum
1101 3508 1183 3615 ipsi
1203 3505 1313 3585 Diva

159 3611 303 3707 ἀληθεία
316 3612 422 3694 haud
442 3616 528 3696 raro
548 3646 658 3725 aequo
673 3621 809 3697 Marte
823 3637 1079 3727 pugnantem,
1093 3618 1208 3697 video
1224 3619 1312 3727 post

159 3723 301 3805 damna
309 3724 456 3807 fastum
469 3728 667 3820 ditiorem,
678 3729 763 3836 post
778 3730 938 3809 vulnera
949 3730 1311 3824 virescentem,vic-

159 3853 325 3946 tumque
337 3839 549 3920 victoribus
563 3840 819 3920 exultantem.
881 3842 1312 3952 QoddeAntaeoLy-

159 3947 236 4029 bico
256 3948 427 4032 fabulata
445 3954 501 4033 est
513 3954 754 4060 Antiquitas.
814 3954 929 4033 Adeo
945 3973 990 4032 ut
1009 3952 1102 4032 hinc
1123 3953 1210 4032 sane
1232 3981 1312 4033 non

159 4059 235 4138 levi
256 4061 303 4138 de
323 4062 434 4142 causa
450 4092 608 4144 carmen
625 4065 725 4143 istud
742 4062 968 4145 Ouidianum
985 4067 1098 4174 pollit
1114 4064 1312 4173 quispiam

157 4172 198 4249 in
219 4172 385 4254 dubium
406 4204 559 4269 vocare,
574 4204 622 4255 an
644 4176 790 4254 scilicet
809 4175 950 4256 ultima
967 4178 1169 4257 coelestum
1192 4195 1312 4256 terras

158 4285 359 4392 reliquerit
377 4287 553 4394 Astraea,·
582 4315 718 4366 vereor
746 4288 893 4366 etenim
919 4317 967 4368 ne
989 4291 1072 4368 Pax
1096 4307 1136 4368 et
1156 4290 1312 4369 Veritas

157 4397 292 4476 multis
313 4400 399 4506 post
419 4427 506 4478 eam
527 4399 671 4479 saeculis
693 4398 831 4478 invisos
854 4402 975 4480 etiam
998 4401 1181 4482 mortales
1201 4401 1312 4480 dese-
