2956 4980
106 222 223 353 Cap.
246 260 315 345 27.
419 217 608 318 Plenior
632 219 880 320 Institutio,
959 220 964 228 ’
1174 240 1226 349 87

66 394 186 476 nobis
205 422 285 477 non
305 394 377 476 nifi
402 424 473 505 per
497 414 659 476 externa
683 397 863 505 quaedam
881 397 1035 493 effecta,
1055 418 1097 480 et
1119 401 1225 480 acci·
1343 464 1353 482 .

67 508 219 603 dentia,
235 536 322 617 quae
336 526 490 601 vocant,
510 506 687 615 dignosci
705 510 844 617 potest.
894 511 1067 605 Deinde,
1082 512 1223 620 singuli

66 617 253 702 homines
272 623 375 700 inter
394 620 431 699 se
447 620 702 729 disparantur,
718 648 812 729 ergo
828 644 1106 732 opponuntur:
1136 652 1223 732 quae

67 752 204 814 autem
223 733 326 815 inter
344 733 382 813 se
401 750 670 842 opponuntur,
685 734 827 812 eodem
841 735 980 814 eadem
1000 732 1128 816 forma
1147 736 1221 817 esse

67 872 151 925 non
170 845 322 955 potest;
354 842 481 925 forma
505 872 599 950 ergo
625 843 814 925 differunt
837 874 916 926 non
943 876 1108 928 numero
1135 867 1221 927 tan-

66 975 174 1036 tum.
203 958 343 1066 Itaque
357 957 463 1066 apud
476 955 689 1048 Lae‘rtium,
703 957 744 1035 in
757 963 915 1058 Zenone,
933 959 1052 1040 Stoici
1062 960 1218 1056 docent,

67 1069 262 1150 Socratem
280 1069 356 1150 effe
369 1068 541 1179 speciem
556 1066 880 1176 specialiffimam.
913 1071 1047 1151 Immo
1059 1072 1219 1180 Aristot.

65 1182 118 1261 de
139 1183 260 1263 Part.
286 1209 321 1264 r.
343 1207 385 1284 4.
407 1182 596 1260 Socratem
622 1197 663 1259 et
684 1181 871 1287 Corssnm
895 1181 1040 1292 species
1066 1185 1222 1265 infimas

66 1312 197 1373 vocat.
247 1294 311 1373 Sic
324 1292 604 1399 jurisconsulti,
624 1288 832 1373 hominem
851 1321 975 1402 genus
995 1296 1219 1406 appellant;

68 1405 241 1486 Stichum
259 1426 299 1486 et
319 1404 557 1514 Pamphilum
576 1402 736 1512 species.

128 1519 257 1599 Genus
280 1514 371 1600 vero
393 1533 430 1597 et
441 1515 585 1625 species
608 1532 705 1596 nota
716 1515 815 1622 stant
838 1517 1032 1625 catastarum
1055 1537 1092 1599 et
1111 1519 1221 1629 effer·

65 1647 206 1711 tarum.

125 1742 176 1821 In
187 1741 350 1822 animali
365 1769 405 1820 n.
422 1740 479 1821 est
493 1739 650 1821 essentia
668 1768 869 1852 corporea,
889 1769 976 1850 quae
990 1743 1153 1823 materia
1168 1743 1224 1823 est

66 1854 118 1934 ad
149 1855 294 1964 species
318 1854 587 1934 communiter
609 1854 802 1935 attinens:
836 1873 924 1934 tum
948 1853 1110 1935 facultas
1134 1855 1222 1935 vitae

66 1985 109 2047 et
133 1965 275 2062 sensus,
302 1993 389 2074 quae
418 1963 546 2046 sorma
571 1965 670 2046 item
701 1967 967 2046 communiter
997 1967 1046 2045 ad
1076 1966 1220 2077 species

67 2077 231 2188 spectat.
280 2079 414 2185 Qare
425 2105 545 2184 genus
556 2078 717 2157 continet
728 2078 871 2184 causas,
887 2108 971 2188 qua
986 2080 1223 2160 communiter

64 2189 123 2271 ad
143 2189 403 2299 ipstusspectes
427 2190 618 2269 attinent:
652 2208 784 2270 contra
809 2190 935 2299 itaque
961 2190 1071 2271 etiam
1079 2191 1223 2300 species

64 2302 203 2414 asella
216 2302 364 2409 generis
367 2300 441 2408 sui
455 2301 669 2381 continent..

124 2414 233 2496 Hinc
252 2412 523 2523 universtaliest
541 2411 676 2520 inſsgne
694 2440 742 2492 ac
752 2412 991 2526 praestabile:
1022 2413 1111 2523 qaia
1130 2442 1222 2494 cau·

47 2527 144 2635 sam
162 2526 348 2610 declarat.

124 2637 242 2720 Idem
257 2639 312 2720 ait
326 2635 485 2746 Arssot.
508 2637 651 2745 Passer.
680 2664 714 2716 1.
739 2662 806 2740 24.

123 2749 352 2855 Dssributio
373 2748 522 2856 generis
548 2747 736 2858 inspecies
759 2747 871 2829 valde
890 2747 1033 2858 quidem
1056 2751 1218 2845 excellit,

45 2861 132 2971 ſsu!
143 2861 302 2972 difficilis
320 2861 370 2970 est
387 2878 424 2941 et
443 2888 539 2941 rara
558 2860 728 2941 inventu.

123 2974 299 3056 Excellit
313 2973 477 3082 quidem
490 2974 583 3081 quia
599 2972 789 3081 quicquid
805 2973 846 3051 in
866 2971 1013 3051 artibus
1033 3001 1083 3051 ex
1098 2972 1220 3052 caufis

61 3107 107 3168 et
126 3086 277 3167 effectis
296 3086 478 3177 sumitur,
499 3085 540 3164 id
565 3103 694 3164 totum
722 3082 804 3164 sere
833 3085 986 3190 generis
1009 3102 1049 3162 et
1075 3083 1217 3192 speciei

60 3199 291 3280 notionibus
314 3195 688 3306 comprehenditur:
719 3195 890 3275 difficilis
915 3195 986 3288 est,
1010 3193 1106 3275 clun
1125 3197 1218 3303 quia

61 3310 218 3408 sormae,
242 3311 346 3391 unde
371 3308 516 3419 species
546 3309 741 3402 oriuntur,
770 3306 957 3387 difficiles¹
982 3308 1123 3387 itidem
1154 3309 1217 3387 in-

63 3443 188 3505 ventu
212 3422 323 3517 sunt;
366 3440 453 3501 turn
481 3421 602 3500 etiam
632 3438 794 3530 propter
816 3448 962 3499 vocum
994 3421 1216 3530 penuriam,

63 3535 213 3646 quibus
233 3562 377 3643 genera
396 3553 436 3614 et
454 3532 599 3641 species
617 3552 708 3642 apte
728 3534 993 3613 nominentur.

124 3650 316 3727 Attamen
332 3645 598 3725 illustrationis
611 3662 658 3724 et
672 3645 848 3752 exempli
867 3643 991 3753 gratia
1010 3642 1220 3723 afferemus

63 3760 176 3871 quod
195 3759 425 3870 poterimus.
478 3755 649 3836 Ovidius.
674 3784 709 3835 1.
731 3759 891 3836 Metam.
913 3755 1055 3835 dividit
1073 3755 1220 3835 animal

60 3875 106 3952 in
125 3874 302 3982 quinque
329 3870 489 3978 species,
512 3868 651 3962 stellas,
670 3895 774 3962 aves,
798 3868 952 3960 bestias,
973 3866 1111 3976 pisces,
1139 3865 1214 3946 ho·

62 3984 217 4065 mines:
261 3983 380 4063 stellis
407 3982 583 4061 animam
614 3980 803 4074 tribuens,
835 3997 880 4059 ut
905 3981 1026 4060 etiam
1052 3980 1215 4090 quidam

66 4093 303 4207 Philosophi
322 4093 556 4175 tribuerunt.

123 4323 215 4400 Neu
233 4318 452 4426 regioforet
471 4314 642 4420 ullasuis
658 4313 880 4394 animalibus
897 4315 1002 4411 orba,

125 4432 247 4541 Astra
265 4448 390 4512 tenent
409 4427 545 4539 coteste
548 4425 671 4532 solum
676 4427 890 4538 formaque
908 4426 1081 4508 deorum:
1111 4430 1186 4509 one.
