2956 4980
153 213 238 322 ‘²78
384 199 547 294 Literae
572 192 767 292 Oliverii
792 194 1084 292 Protedoris.

154 374 288 454 oblata
314 373 404 466 erit,
428 373 488 452 uti
513 371 690 452 nostrum
717 384 810 478 erga
831 366 1050 450 Faederatas
1069 365 1199 473 Belgii
1216 366 1318 445 Pro-

159 485 305 567 vincias
323 484 525 564 summum
545 482 718 564 studium
745 481 1095 589 benevolentiaque
1118 496 1317 587 appareat.

164 601 300 679 Deum
322 598 487 706 proinde
507 596 661 677 affiduis
686 595 866 706 precibus
890 591 1148 684 obtestamur,
1168 609 1215 669 ut
1234 587 1317 667 ves-

162 730 264 790 tram
284 713 413 818 Remp.
446 737 556 818 pace,
574 708 730 818 opibus,
756 707 950 798 libertate,
968 725 1089 814 atque
1116 702 1316 811 imprimis

165 822 387 929 Chrssianae
411 820 504 900 fidei
531 848 664 901 amore
690 847 736 899 ac
755 846 847 899 vero
872 819 983 911 cultu
1003 814 1315 897 florentiffimam

161 936 385 1016 conservare
406 931 599 1043 perpetuo
619 932 728 1011 velit.

250 1049 313 1125 Ex
334 1046 489 1126 Palatio
508 1045 624 1154 nostro
646 1042 837 1150 Westmon.
858 1041 915 1123 die
934 1043 1041 1148 Aug.
1069 1039 1118 1119 16
1123 1038 1194 1146 56.

351 1156 582 1238 Vestrarum
603 1154 894 1235 Celfitudinum
915 1154 1149 1234 Potentium

594 1267 897 1348 Studiofiffimus

468 1381 660 1462 Oliuerius
680 1381 884 1460 Protedlor
903 1377 1022 1486 Reip.
1044 1375 1219 1484 Angliae,
1239 1376 1308 1454 &c

200 1656 399 1736 Oliverius
421 1658 620 1737 Protellor
640 1655 748 1763 Rerp.
770 1654 942 1760 Angliae,
961 1652 1041 1732 &a
1064 1644 1283 1759 Serem‘fflmo

326 1767 503 1876 Principi
518 1770 664 1874 Joanni
684 1765 893 1875 Lufitaniae
912 1764 1022 1872 Regi,
1044 1765 1083 1844 S.
1099 1766 1156 1844 D.

250 1931 496 2010 Sereniffime
517 1931 633 2025 Rex;

274 2056 316 2133 Ie
337 2053 549 2133 undecimo
561 2053 672 2161 Julii
690 2051 868 2163 proximi
886 2053 984 2161 stylo
1006 2054 1130 2134 veteri
1153 2053 1321 2134 santrio-

299 2195 392 2246 nem
411 2167 517 2274 pacis
541 2162 788 2272 dMajestate
808 2165 947 2246 Vestra
965 2167 1051 2273 jam
1073 2187 1178 2260 ratae,
1199 2163 1222 2246 ὲ
1242 2169 1328 2245 Le-

164 2298 257 2385 gato
291 2278 418 2358 vestro
449 2279 770 2360 Extraordinario
803 2277 966 2359 Londini
1000 2278 1210 2372 transactae,
1247 2305 1320 2358 nec

162 2419 244 2470 non
276 2419 508 2473 arcanorum
539 2409 579 2469 et
608 2392 933 2499 praeliminarium
963 2391 1223 2472 articulorum
1250 2420 1318 2501 per

170 2504 337 2583 Thomam
372 2502 627 2612 Maynardum
660 2505 912 2612 accepimus:
955 2530 1102 2611 perque
1137 2505 1268 2584 literas
1297 2501 1318 2581 d

166 2615 338 2722 Philippo
354 2615 528 2696 Meadow
548 2615 677 2695 nostro
701 2614 896 2724 Olyfflponi
911 2616 1158 2696 Internuntio
1177 2618 1318 2696 eodem

166 2743 344 2834 tempore
363 2725 483 2820 datas,
505 2726 675 2808 nostram
696 2730 816 2807 etiam
839 2727 949 2806 diuae
976 2729 1081 2837 pacis
1107 2746 1147 2807 et
1173 2732 1318 2808 articu-

166 2837 296 2917 lorum
318 2837 570 2932 sanctionem,
592 2868 662 2947 pro
690 2841 742 2946 iis,
766 2841 960 2920 mandatis
979 2868 1064 2947 quae
1092 2837 1114 2919 ‘a
1138 2842 1252 2921 nobis
1277 2842 1319 2920 es

163 2951 214 3029 de
243 2979 283 3029 re
307 2971 523 3061 acceperat,
545 2951 745 3058 Majestati
764 2950 912 3032 Vestrae
938 2950 986 3031 ab
1013 2952 1097 3060 ipso
1124 2954 1318 3033 redditam

166 3064 450 3171 intelligimus:
481 3090 574 3143 cum
597 3063 812 3171 supradicta
832 3064 1037 3145 sanctionis
1062 3065 1319 3145 instrumenta

167 3177 327 3255 ineunte
362 3176 484 3283 Junio
528 3179 713 3285 proximo
750 3176 917 3258 viciffim
955 3176 1043 3256 data
1080 3198 1319 3287 acceptaque

167 3285 337 3381 fuiffent,
363 3291 459 3368 adeo
487 3307 531 3368 ut
559 3316 664 3368 nunc
692 3291 793 3369 inter
818 3310 1026 3396 utramque
1053 3311 1217 3396 gentem
1243 3319 1319 3400 pax

167 3398 383 3478 firmissima
418 3400 560 3479 sancita
594 3401 652 3479 fit.
714 3402 807 3512 Qai
838 3430 889 3481 ex
923 3429 1020 3511 pace
1053 3430 1123 3482 nos
1153 3403 1320 3509 quidem

167 3511 413 3618 voluptatem
433 3510 537 3591 haud
559 3512 800 3593 mediocrem
816 3514 1081 3623 percipimus3
1112 3536 1321 3624 propterea

167 3621 276 3731 qubd
295 3650 383 3701 eam
403 3642 443 3702 et
461 3627 667 3703 communi
688 3627 888 3736 utriusque
908 3627 1036 3734 gentis
1053 3628 1218 3707 utilitati
1238 3626 1321 3706 fore

167 3734 415 3829 arbitramur,
436 3732 689 3845 hostiumque
708 3740 986 3818 communium
1011 3735 1116 3819 haud
1145 3740 1223 3819 levi
1251 3741 1321 3820 de-

169 3849 380 3927 trimento:
412 3850 481 3956 qui
502 3867 546 3926 ut
571 3850 711 3958 prioris
740 3849 897 3931 foederis
920 3849 1101 3930 turbandi
1127 3853 1321 3933 rationem

166 3960 340 4065 aliquam
359 3960 492 4069 primb
512 3962 759 4056 invenerunt,
776 3965 831 4042 ita
850 3990 956 4042 nunc
975 3991 1024 4043 ne
1044 3963 1153 4043 idem
1173 3965 1321 4046 instau-

167 4073 243 4150 rari
282 4069 408 4151 foedus
449 4073 584 4181 pollet,
628 4075 863 4154 intentatum
911 4072 1012 4155 nihil
1060 4076 1319 4185 reliquerunt.

168 4184 314 4292 Ne'que
335 4183 502 4264 dubium
523 4187 635 4266 nobis
653 4185 709 4265 est
728 4189 826 4294 quin
851 4187 1114 4297 suspicionum
1134 4191 1322 4299 utrinque

166 4295 503 4403 offenfionumque
524 4299 625 4377 inter
645 4327 714 4378 nos
735 4301 943 4380 materiam
970 4300 1128 4380 creandi
1150 4304 1321 4383 occafio-

167 4437 260 4489 nem
280 4408 430 4488 nullam
450 4411 738 4517 praetermiss'uri
763 4412 849 4492 fint.
909 4415 1019 4521 Qas
1045 4443 1115 4494 nos
1141 4416 1321 4522 quidem,
