2956 4980
155 274 234 356 372
468 232 684 369 Epistolae
712 231 994 332 Familiares.

156 414 404 524 responsurus
439 435 536 512 erat,
559 417 746 497 Carmina
777 415 890 525 super
924 410 1202 523 quaestionibus
1236 437 1309 517 pro

156 555 267 607 more
286 556 417 608 annuo
445 529 731 639 componenda,
753 530 1021 638 praetervectus
1047 523 1129 633 ipse
1149 522 1308 630 jamdiu

156 638 341 721 leviculas
368 641 583 722 illiusmodi
610 669 749 749 nugas,
772 659 813 720 et
842 638 957 719 rebus
986 637 1091 717 seriis
1119 634 1309 715 intentior

157 748 258 833 forte
279 781 375 833 meae
389 755 609 834 Puerilitati
627 753 838 834 commifit.
885 753 984 832 Haec
1002 747 1168 859 quidem
1180 744 1309 854 Typis

157 862 300 944 donata
319 866 367 945 ad
389 884 426 945 te
446 867 547 961 misr,
568 885 706 974 utpote
726 893 848 974 quem
869 863 998 942 norim
1018 888 1152 941 rerum
1174 855 1310 938 Poeti-

156 1001 294 1056 carum
316 976 495 1083 judicem
525 979 778 1071 acerrimum,
802 995 842 1057 et
872 1001 1051 1054 mearum
1082 968 1310 1076 candidissi-

159 1114 287 1166 mum.
362 1089 483 1198 Qod
517 1091 545 1170 fi
580 1110 646 1170 tua
680 1087 781 1168 mihi
812 1086 977 1168 viciffim
1010 1082 1309 1165 communicare

159 1199 399 1306 dignaberis,
419 1201 524 1281 certe
551 1229 631 1282 non
658 1202 734 1282 erit
751 1201 822 1309 qui
848 1199 975 1306 magis
1002 1199 1051 1278 iis
1075 1196 1309 1286 delectetur,

159 1312 249 1405 erit,
269 1310 409 1407 fateor,
429 1314 500 1422 qui
520 1314 661 1394 tectius
681 1341 753 1423 pro
773 1340 911 1391 eorum
931 1310 1124 1418 dignitate
1137 1306 1307 1414 judicet.

111 1485 113 1488 >
160 1423 362 1530 Equidem
378 1427 532 1532 quoties
553 1427 683 1506 recolo
697 1425 801 1534 apud
821 1452 886 1504 me
907 1441 973 1502 tua
989 1447 1149 1501 mecum
1164 1417 1311 1498 affidua

161 1562 262 1643 pene
288 1537 485 1645 colloquia
506 1539 609 1646 (quae
628 1538 691 1617 vel
717 1536 806 1646 ipfis
834 1533 1011 1628 Athenis,
1029 1533 1114 1642 ipsa
1139 1531 1183 1609 iu
1203 1531 1310 1608 Aca·

159 1646 307 1742 demis,
331 1676 477 1757 quaero,
501 1649 772 1756 defideroque)
795 1649 930 1754 cogito
962 1646 1092 1731 statim
1125 1669 1199 1721 nec
1231 1641 1310 1720 fine

160 1758 310 1854 dolore,
324 1780 472 1867 quanto
491 1761 620 1841 fructu
638 1789 704 1840 me
723 1788 813 1841 mea
832 1758 1021 1840 fraudarit
1040 1754 1226 1843 absentia,
1239 1754 1310 1861 qui

160 1870 399 1978 nunquamd
416 1891 453 1952 te
467 1873 614 1954 disceffi
630 1874 707 1953 fine
723 1870 928 1952 manifesta
940 1869 1164 1949 Literarum
1180 1863 1310 1945 acces·

163 1980 281 2075 sione,
317 2002 357 2063 et
383 1980 542 2079 ἐπιδόσει,
568 1984 683 2095 plane
709 1984 817 2093 quafi
844 1984 890 2064 ad
912 1981 1151 2090 Emporium
1180 1977 1312 2085 quod·

160 2093 253 2173 dam
280 2095 524 2176 Eruditionis
551 2095 762 2206 profectus.
823 2098 921 2175 Sane
954 2095 1058 2202 apud
1091 2119 1175 2184 nos,
1201 2088 1311 2196 quod

161 2203 294 2300 sciam,
315 2208 384 2286 vix
404 2235 505 2288 unus
524 2229 641 2317 atque
661 2208 758 2288 alter
784 2208 853 2301 est,
874 2207 945 2314 qui
965 2233 1044 2284 non
1062 2200 1311 2308 Philologiae,

161 2320 306 2424 pariter
334 2338 374 2399 et
395 2318 671 2429 Philosophia,
692 2347 813 2430 prope
842 2319 946 2399 rudis
973 2336 1013 2396 et
1040 2313 1246 2426 profanus,
1264 2312 1311 2392 ad

162 2428 429 2538 Theologiam
449 2433 605 2512 devolet
624 2432 856 2541 implumis;
887 2457 975 2509 eam
995 2454 1153 2535 quoque
1174 2424 1312 2533 leviter

162 2540 377 2621 admodum
406 2544 597 2650 attingere
625 2565 846 2636 contentus,
867 2563 1061 2650 quantum
1082 2537 1183 2617 forte
1204 2536 1311 2616 suffi-

161 2654 238 2729 ciat
269 2655 534 2735 conciunculae
564 2684 726 2764 quoquo
761 2656 880 2734 modo
912 2648 1242 2760 conglutinandae,
1273 2668 1313 2728 et

163 2780 350 2871 tanquam
382 2768 481 2846 tritis
512 2766 669 2847 aliunde
694 2768 831 2876 pannis
859 2763 1107 2845 consuendae:
1139 2760 1237 2840 adeo
1268 2780 1313 2840 ut

163 2876 380 2956 verendum
401 2878 513 2957 fitne
537 2878 674 2960 sensim
701 2881 856 2985 ingruat
885 2879 923 2956 in
948 2877 1113 2954 Clerum
1133 2872 1313 2952 nostrum

163 2985 405 3070 sacerdotalis
422 2990 488 3070 illa
504 2989 709 3099 superioris
730 2990 856 3069 saeculi
878 2989 1115 3096 Ignorantia.
1174 2985 1313 3092 Atque

162 3127 237 3206 ego
254 3099 430 3207 profecto
446 3130 539 3181 curn
556 3103 684 3183 nullos
699 3101 779 3181 fere
797 3101 1015 3180 studiorum
1030 3095 1226 3178 consortes
1246 3094 1314 3175 hic

163 3213 372 3318 reperiam,
394 3215 602 3294 Londinum
622 3210 724 3293 seua
744 3212 989 3321 respicerem,
1012 3210 1082 3288 nisi
1103 3234 1173 3316 per
1193 3207 1313 3313 justi-

163 3322 265 3402 tium
285 3321 362 3404 hoc
381 3325 557 3405 aestivum
577 3328 617 3403 in
639 3327 768 3404 otium
784 3324 860 3403 alte
875 3324 1114 3402 Literarium
1131 3319 1315 3399 recedere

161 3435 392 3539 cogitarem,
422 3457 459 3515 et
487 3437 593 3543 quasi
623 3437 811 3516 Claustris
836 3435 1045 3514 Musarum
1071 3429 1311 3511 delitescere.

165 3546 286 3653 Qud
303 3574 396 3625 cum
409 3549 493 3651 jam
515 3566 556 3626 tu
577 3550 702 3628 indies
723 3546 855 3639 facias,
875 3545 983 3626 nefas
1003 3543 1076 3624 effe
1098 3569 1315 3651 propemo-

163 3653 260 3733 dum
281 3657 464 3738 existimo
485 3658 632 3738 diutius
654 3661 692 3738 in
714 3656 912 3768 praesentia
934 3657 1005 3738 tibi
1027 3653 1312 3764 interstrepere.

163 3766 276 3845 Vale.

223 3880 486 3986 Cantabrigia,
508 3883 608 3985 Julii
632 3907 670 3973 2,
698 3880 816 3961 1628.
