2956 4980
299 226 463 321 Literae
490 182 684 322 Oliverii
709 228 998 321 Protestoris.
1145 265 1224 348 309

64 393 220 476 toribus
236 396 526 479 Mercatoribus
540 397 644 478 illius
661 397 915 491 satisdaretur,
933 398 969 477 se
986 398 1034 477 de
1050 397 1117 477 illa
1134 397 1223 476 navi

65 524 187 634 atque
213 535 331 589 onere
361 538 456 590 cum
484 510 660 591 Martino
689 509 775 617 lege
803 529 1046 648 experturos.
1104 510 1220 588 Tulit

65 619 177 695 enim
198 646 276 727 prae
294 620 332 700 se
351 622 553 702 Martinus
571 622 704 701 deberi
731 620 799 700 fibi
824 617 1046 728 grandem
1031 649 1054 699 a
1074 623 1220 701 Parla-

64 746 184 808 mento
198 732 355 838 Angltae
366 760 792 842 pecuniam,merc1um
806 733 1050 838 quarundam
1062 731 1218 812 suarum

66 841 230 920 nomine
247 871 332 950 quae
348 846 389 923 in
404 872 493 923 navr
482 845 678 953 quadam
695 846 835 923 Sousia
849 845 969 923 Clara
983 872 1076 923 anno
1095 845 1215 945 1642.

67 952 312 1034 Parlamenti
338 957 583 1035 Auctoritate
609 952 1217 1035 suntretentae.Veri1mcum

66 1061 156 1143 satis
175 1064 382 1162 constaret,
403 1067 619 1147 Martinam
639 1068 754 1145 illum
774 1094 908 1145 earum
932 1069 1127 1146 mercium
1149 1094 1217 1145 ve·

68 1201 159 1253 rum
187 1175 397 1257 dominum
425 1206 502 1259 non
527 1179 615 1272 effe,
640 1178 704 1257 sed
729 1205 823 1256 cum
853 1177 1015 1256 Antonio
1044 1177 1217 1285 quodam

68 1287 294 1368 Fernandez
307 1317 492 1369 verorum
512 1289 766 1368 dominorum
782 1288 960 1368 Richaldi
970 1309 1010 1367 et
1025 1290 1145 1368 Iriati
1152 1289 1218 1394 jus

65 1398 263 1506 persequi,
283 1401 627 1508 diffidentibusque
652 1402 754 1479 inter
777 1401 813 1479 se
834 1400 1008 1480 Martino
1034 1418 1073 1478 et
1091 1403 1217 1479 Anto-

66 1508 141 1602 nio,
160 1509 377 1592 decreverit
397 1513 692 1593 Parlamentum
717 1513 776 1590 uti
800 1539 948 1591 merces
972 1511 1046 1589 illae
1072 1512 1216 1590 retine-

66 1639 204 1702 rentur
217 1623 347 1731 quoad
368 1624 455 1732 lege
470 1625 562 1703 esset
574 1624 750 1704 decisum
766 1624 843 1703 utri
861 1651 998 1702 eorum
1015 1621 1217 1701 reddendae

65 1731 203 1826 effent,
223 1733 455 1845 paratusque
472 1734 592 1814 fuerit
607 1735 758 1844 semper
774 1735 962 1814 Antonius
974 1734 1060 1840 lege
1077 1761 1213 1841 agere;

65 1841 217 1937 contra,
250 1872 377 1955 neque
414 1847 611 1926 Martinus
641 1874 768 1953 neque
800 1874 872 1955 pro
905 1874 952 1925 eo
982 1844 1185 1954 quisque
1174 1872 1215 1923 ιιι

59 1952 216 2059 judicio
238 1955 425 2038 hactenus
451 1959 729 2068 comparuerit,
754 1986 840 2065 quae
862 1958 997 2037 omnia
1019 1984 1070 2035 ex
1095 1959 1216 2037 Lucae

66 2066 253 2147 Petitoris
267 2069 411 2149 libellis
427 2069 561 2150 libello
574 2068 740 2179 supplici
755 2070 915 2148 annexis
933 2068 1107 2176 liquent;
1139 2069 1216 2147 ini-

64 2178 300 2285 quiffimum
320 2179 406 2260 sane
425 2181 494 2275 est,
512 2201 556 2260 ut
575 2183 621 2274 is,
637 2183 706 2289 qui
720 2180 785 2285 jus
800 2180 912 2259 suum
928 2179 1218 2307 supposititium

64 2316 163 2369 cum
193 2291 357 2370 Antonio
390 2292 542 2399 collega
574 2293 640 2371 suo
671 2292 719 2370 de
750 2292 885 2371 alienis
910 2292 1021 2369 bonis
1046 2291 1216 2398 experiri

65 2400 174 2509 apud
197 2429 267 2482 nos
292 2402 451 2497 recusat,
473 2423 631 2512 cogeret
658 2402 805 2482 nostros
829 2400 1009 2481 homines
1030 2401 1215 2509 verosque

66 2512 251 2593 dominos
271 2514 319 2594 de
340 2513 416 2594 suis
436 2515 579 2594 bonis
568 2542 607 2592 ιιι
629 2515 754 2593 aliena
777 2515 926 2593 ditione
955 2514 1214 2593 contendere·

68 2626 185 2734 Qin
205 2624 311 2705 idem
331 2626 502 2734 aequitatr
492 2625 649 2705 vestrae
662 2645 780 2733 atque
797 2626 1011 2735 prudentiae
1026 2625 1217 2716 videatur,

65 2762 148 2813 non
168 2735 321 2816 dubitat
340 2738 608 2816 Sereniffimus
624 2739 824 2816 Dominus
842 2740 1066 2827 Protebiom
1096 2734 1216 2842 aquo

66 2845 156 2924 sum
168 2846 291 2952 jussus
306 2846 408 2928 hanc
425 2850 545 2929 Lucae
562 2849 680 2929 Lucii
694 2848 847 2928 causam
864 2847 1119 2954 aequiffimam
1133 2851 1217 2925 Ex-

65 2957 142 3036 cell
137 2959 245 3039 entiae
263 2960 401 3068 Vestra
414 2960 679 3067 fingularem
668 2988 710 3038 ιιι
729 2960 894 3040 modum
915 2957 1213 3037 commendare:

66 3096 120 3146 ne
135 3071 308 3151 Martino
326 3073 396 3180 qui
410 3073 474 3177 jus
490 3072 663 3151 alienum
683 3072 786 3179 apud
807 3099 876 3150 nos
889 3069 1068 3180 persequi
1088 3069 1216 3177 negli-

66 3180 145 3287 git,
176 3209 224 3260 eo
252 3182 415 3262 obtentu
449 3183 534 3262 aliis
565 3184 757 3292 eripiendi
781 3183 846 3288 jus
878 3183 989 3261 suum
1016 3180 1120 3290 apud
1148 3208 1217 3260 vos

66 3292 239 3400 potestas
259 3294 386 3374 detur.

158 3419 475 3531 Wssmonasterio.
517 3421 595 3500 Die
617 3419 745 3500 octob.
764 3423 845 3499 An.
872 3422 920 3499 16
926 3444 992 3527 57.

405 3531 658 3612 Excellentiae
679 3531 822 3610 Vestrae
843 3530 1158 3612 Studiosrffimus.

108 3807 309 3888 Oliverius
330 3811 527 3890 Protenor
547 3811 655 3918 Rerp.
679 3809 847 3913 Angliae,
868 3808 945 3887 &a
970 3805 1101 3885 Sereni
1133 3801 1187 3885 mo

315 3921 426 4001 Duci
440 3951 486 4001 ac
507 3921 665 4001 Senatui
681 3919 790 4028 Reip.
816 3920 974 3998 Venetae.

68 4066 316 4146 Sereniffime
337 4068 435 4147 Dux
455 4088 572 4177 atque
593 4069 769 4159 Senatus,

208 4181 327 4260 amici
346 4177 583 4274 chariffimi;

182 4301 300 4381 Untii
316 4331 449 4382 rerum
463 4302 676 4382 vestrarum
694 4318 828 4379 contra
843 4297 989 4378 Turcas
1003 4295 1220 4378 felicissime

196 4414 392 4520 gestarum
409 4434 491 4493 tam
504 4412 630 4493 crebri
642 4412 690 4491 ad
704 4439 773 4490 nos
785 4408 1099 4518 perferuntur,ut
1112 4408 1222 4489 nobis

69 4550 150 4601 non
173 4523 306 4634 saepius
334 4526 414 4605 ulla
444 4526 493 4605 de
521 4555 559 4604 re
586 4524 632 4603 ad
659 4552 726 4603 vos
754 4522 1017 4612 scribendum,
1040 4521 1221 4626 quamde
