2956 4980
387 121 550 239 Literae
575 118 769 216 Oliverii
794 123 1084 219 Proteoons.
1231 165 1304 247 331

158 294 265 388 villo,
282 295 354 404 qui
368 314 409 375 et
420 294 500 404 ipse
509 293 699 405 Equestris
707 295 860 375 Ordinis
872 295 946 375 elle
962 295 1100 390 fertur,
1112 300 1311 407 occupari,

158 427 201 488 et
219 434 302 514 quo
321 408 363 486 in
380 408 468 487 loco
487 407 818 501 custodiebantur,
839 407 1005 487 effractis
1026 405 1175 489 foribus
1194 430 1312 517 atque

159 519 336 599 articulis
356 519 565 629 poffideri:
597 518 673 598 hoc
694 519 773 599 solo
790 522 919 612 titulO,
940 519 1073 599 deberi
1095 520 1164 601 fibi
1184 525 1312 603 nescio
1354 516 1357 523 ’

160 631 260 741 quid
276 628 298 710 ὲ
313 629 505 740 Theophila
519 630 771 740 Snffolchienst
782 633 920 712 Comite
931 631 1129 726 defuneto,
1143 662 1193 713 ex
1211 662 1312 741 quo-

160 744 255 823 dam
272 743 409 823 nostrae
420 745 550 825 Cnriae
558 745 804 824 Cancellariae
824 745 995 838 decreto,
1012 773 1134 852 eaque
1148 748 1311 854 proinde

160 844 265 935 b'ona
284 856 392 965 quali
406 853 595 966 Theophili
605 857 756 937 Comitis
774 855 907 950 ellent,
928 858 1043 964 eique
1064 858 1219 937 decreto
1239 860 1311 938 ob-

161 967 348 1061 noxia,se
363 967 565 1049 referenda
583 970 625 1047 in
646 968 793 1049 tabulas
809 968 977 1049 curalle:
1000 966 1095 1048 cirm
1110 997 1159 1048 ex
1175 970 1312 1052 nostris

161 1078 317 1187 legibus
335 1108 461 1188 neque
477 1081 557 1191 ipse
572 1083 734 1173 Comes,
747 1083 817 1189 qui
836 1109 941 1160 nunc
957 1081 1027 1173 est,
1043 1099 1083 1160 et
1101 1081 1211 1187 cujus
1230 1082 1312 1166 haec

161 1189 265 1270 bona
286 1192 388 1286 sunt,
414 1221 462 1273 eo
481 1195 637 1273 decreto
656 1212 846 1286 teneatur,
873 1221 1000 1300 neque
1021 1192 1123 1271 bona
1143 1194 1223 1298 ejus
1244 1225 1312 1275 oc-

162 1306 301 1413 cupari
331 1322 399 1383 aut
429 1307 588 1385 retineri
618 1303 808 1384 debeant:
840 1305 880 1383 id
910 1303 1016 1411 quod
1046 1333 1096 1383 ex
1125 1305 1313 1387 sententii

163 1414 338 1520 ejusdem
358 1417 488 1495 Curiae
515 1413 710 1496 unacum
736 1414 840 1496 hisce
866 1417 988 1495 literis
1012 1418 1059 1495 ad
1088 1445 1157 1496 vos
1182 1419 1310 1512 missal,

162 1526 395 1622 declaratur,
420 1536 515 1636 quas
540 1528 704 1637 quidem
734 1529 862 1608 literas
889 1527 1126 1636 supradictus
1155 1531 1313 1611 Carolus

164 1637 425 1720 Harbordusa
445 1640 555 1720 nobis
576 1641 705 1749 petiit,
722 1643 781 1719 uti
800 1667 870 1749 per
886 1668 948 1719 eas
963 1640 1216 1744 Ceffitudinem
1230 1643 1312 1750 vcs-

162 1769 266 1832 tram
291 1770 470 1858 rogatam
499 1752 705 1846 vellemus,
733 1772 777 1832 ut
803 1751 903 1831 bona
929 1752 996 1830 illa
1020 1770 1059 1831 et
1090 1756 1313 1835 recentione

164 1864 291 1956 omni,
313 1883 352 1944 et
371 1864 506 1971 iniqua
525 1862 988 1944 istaRichardiGrenvilli
1003 1865 1169 1958 ustione,
1184 1868 1313 1976 primo

162 2003 323 2084 quoque
341 1995 520 2085 tempore
539 1975 775 2056 liberentur:
797 1972 892 2055 cirm
912 1973 988 2054 hoc
1007 1996 1141 2057 contra
1157 2007 1313 2059 morem

159 2087 505 2195 jusqueGentium
518 2086 632 2195 plane
647 2088 707 2180 fit,
719 2106 759 2166 at
772 2088 960 2195 cuiquam
974 2089 1015 2165 in
1028 2089 1153 2167 aliena
1165 2090 1312 2171 ditione

164 2201 210 2280 ei
229 2199 278 2279 de
298 2228 339 2280 re
358 2201 460 2279 aetio
478 2199 607 2293 detur,
625 2227 710 2307 quae
730 2200 770 2278 in
787 2227 831 2278 ea
845 2201 1020 2306 regione,
1036 2201 1103 2278 ubi
1119 2202 1231 2280 causa
1251 2231 1313 2281 ac-

163 2311 281 2391 tionis
296 2330 380 2391 orta
399 2311 468 2405 est,
491 2309 668 2416 legitime
687 2310 772 2390 dari
795 2339 873 2390 non
897 2310 1024 2419 poffit.
1084 2312 1201 2391 Hanc
1220 2342 1313 2393 cau-

164 2422 245 2502 sam
270 2443 315 2503 ut
342 2423 575 2503 Celfitudini
601 2423 731 2502 vestrae
761 2423 1143 2516 commendaremus,
1167 2444 1207 2504 et
1233 2426 1313 2535 ipsa

157 2534 317 2641 justitia
332 2537 444 2629 ratio,
465 2555 505 2615 et
524 2535 728 2643 praedicata
748 2536 885 2643 paffim
905 2534 1027 2614 vestra
1045 2538 1312 2643 aequanimitas

165 2648 376 2755 permovit.
438 2646 559 2751 Quod
581 2646 688 2754 siquo
709 2666 885 2755 tempore
906 2647 993 2726 usus
1015 2650 1179 2741 venerit,
1203 2670 1246 2730 ut
1265 2651 1313 2729 de

159 2759 247 2864 jure
267 2778 335 2839 aut
353 2758 574 2839 commodis
590 2758 805 2837 vestrorum
822 2758 925 2867 apud
946 2785 1015 2837 nos
1035 2778 1186 2863 agatur,
1208 2758 1313 2840 haud

164 2871 318 2951 remilla
343 2870 520 2979 profesto
541 2869 667 2950 nostra
694 2870 832 2963 studia,
854 2872 980 2949 immo
1002 2871 1112 2947 omni
1135 2891 1312 2981 tempore

164 2982 456 3093 propenfiffima
475 3003 703 3091 experturos
722 3011 790 3062 vos
808 2982 880 3061 elle
899 2981 1100 3091 polliceor.

252 3095 572 3204 Wrfhnonasterio.

365 3206 614 3287 Celfitudinis
635 3205 780 3284 Vestrae
800 3203 1114 3296 Studiosrffimus,

459 3317 664 3411 Oliveriur,
685 3319 886 3396 Protestor
907 3318 1026 3425 Reip.
1048 3317 1216 3423 Angliae,
1237 3321 1312 3398 &e

318 3706 509 3814 Suprema?
530 3702 660 3782 Curiae
680 3702 920 3782 Parlarnenti
938 3701 1165 3808 Parifietfis.

277 3884 337 3961 Os
352 3877 596 3988 Commnfflzrii
601 3875 745 3981 Magni
759 3873 1064 3980 SigilliAngliae,
1072 3873 1149 3952 &a
1171 3873 1314 3980 Supre-

307 4020 416 4072 mam
447 3989 603 4071 Curiam
624 3985 863 4067 Parlamenti
889 3984 1105 4089 Pariſserfis
1136 4004 1311 4090 rogatam

164 4105 349 4185 volumus
368 4131 503 4183 curare
523 4101 618 4179 velit
637 4100 696 4178 uti
717 4098 846 4190 Miles,
878 4096 1092 4189 Gulielmus,
1119 4115 1159 4175 et
1178 4095 1315 4174 Maria

164 4216 308 4328 Sandys
326 4215 501 4296 defunsti
527 4240 652 4321 nuper
676 4209 852 4289 Gulielmi
870 4207 1010 4318 Sandys
1034 4229 1073 4289 et
1093 4205 1314 4312 Elfibetlrae

164 4332 306 4411 Soamae
326 4330 477 4410 Uxoris
497 4325 578 4432 ejus
605 4325 733 4417 liberi,
752 4324 909 4402 natione
925 4321 1061 4428 Angli,
1084 4338 1194 4399 aetate
1215 4346 1314 4398 non-
