<?xml version="1.0" encoding="UTF-8"?>
<!DOCTYPE html PUBLIC "-//W3C//DTD XHTML 1.0 Transitional//EN"
    "http://www.w3.org/TR/xhtml1/DTD/xhtml1-transitional.dtd">
<html xmlns="http://www.w3.org/1999/xhtml" xml:lang="en" lang="en">
 <head>
  <title>
</title>
<meta http-equiv="Content-Type" content="text/html;charset=utf-8" />
  <meta name='ocr-system' content='tesseract 3.04.00' />
  <meta name='ocr-capabilities' content='ocr_page ocr_carea ocr_par ocr_line ocrx_word'/>
</head>
<body>
  <div class='ocr_page' id='page_1' title='image "./worksjohnmilton06miltgoog_0313.png"; bbox 0 0 2956 4980; ppageno 0'>
   <div class='ocr_carea' id='block_1_1' title="bbox 184 217 1106 332">
    <p class='ocr_par' dir='ltr' id='par_1_1' title="bbox 184 217 1106 332">
     <span class='ocr_line' id='line_1_1' title="bbox 184 217 1106 332; baseline 0.002 -19"><span class='ocrx_word' id='word_1_1' title='bbox 184 232 262 332; x_wconf 84' lang='lat'>298</span> <span class='ocrx_word' id='word_1_2' title='bbox 409 219 572 316; x_wconf 87' lang='lat' dir='ltr'>Literae</span> <span class='ocrx_word' id='word_1_3' title='bbox 596 217 789 317; x_wconf 83' lang='lat' dir='ltr'>Oliverii</span> <span class='ocrx_word' id='word_1_4' title='bbox 814 219 1106 315; x_wconf 57' lang='lat' dir='ltr'>Protesiorisss</span> 
     </span>
    </p>
   </div>
   <div class='ocr_carea' id='block_1_2' title="bbox 181 741 1333 1862">
    <p class='ocr_par' dir='ltr' id='par_1_2' title="bbox 181 741 1329 1862">
     <span class='ocr_line' id='line_1_2' title="bbox 181 741 1327 853; baseline 0.002 -29"><span class='ocrx_word' id='word_1_5' title='bbox 181 744 381 826; x_wconf 91' lang='lat' dir='ltr'>Oliverius</span> <span class='ocrx_word' id='word_1_6' title='bbox 402 747 601 826; x_wconf 71' lang='lat' dir='ltr'>Protebior</span> <span class='ocrx_word' id='word_1_7' title='bbox 624 744 732 853; x_wconf 85' lang='lat' dir='ltr'>Reip.</span> <span class='ocrx_word' id='word_1_8' title='bbox 749 742 877 851; x_wconf 87' lang='lat' dir='ltr'>Angl</span> <span class='ocrx_word' id='word_1_9' title='bbox 859 773 921 838; x_wconf 79' lang='lat' dir='ltr'>ue,</span> <span class='ocrx_word' id='word_1_10' title='bbox 944 741 1096 838; x_wconf 85' lang='lat' dir='ltr'>Scotiae,</span> <span class='ocrx_word' id='word_1_11' title='bbox 1118 743 1327 840; x_wconf 75' lang='lat' dir='ltr'>Hibernia,</span> 
     </span>
     <span class='ocr_line' id='line_1_3' title="bbox 236 854 1329 964; baseline -0.002 -26"><span class='ocrx_word' id='word_1_12' title='bbox 236 859 315 938; x_wconf 71' lang='lat' dir='ltr'>&amp;o</span> <span class='ocrx_word' id='word_1_13' title='bbox 337 857 557 964; x_wconf 70' lang='lat' dir='ltr'>Serenffmo</span> <span class='ocrx_word' id='word_1_14' title='bbox 580 886 627 938; x_wconf 83' lang='lat' dir='ltr'>ac</span> <span class='ocrx_word' id='word_1_15' title='bbox 647 855 891 962; x_wconf 81' lang='lat' dir='ltr'>Patentiffimo</span> <span class='ocrx_word' id='word_1_16' title='bbox 912 854 1090 964; x_wconf 66' lang='lat' dir='ltr'>Princpi</span> <span class='ocrx_word' id='word_1_17' title='bbox 1106 885 1154 936; x_wconf 87' lang='lat' dir='ltr'>ac</span> <span class='ocrx_word' id='word_1_18' title='bbox 1173 858 1329 938; x_wconf 81' lang='lat' dir='ltr'>Domino</span> 
     </span>
     <span class='ocr_line' id='line_1_4' title="bbox 232 966 1333 1079; baseline 0.001 -31"><span class='ocrx_word' id='word_1_19' title='bbox 232 968 461 1079; x_wconf 83' lang='lat' dir='ltr'><em>Imperatori</em></span> <span class='ocrx_word' id='word_1_20' title='bbox 487 969 662 1078; x_wconf 87' lang='lat' dir='ltr'>Ducique</span> <span class='ocrx_word' id='word_1_21' title='bbox 688 997 820 1076; x_wconf 83' lang='lat' dir='ltr'>magno</span> <span class='ocrx_word' id='word_1_22' title='bbox 849 966 1032 1073; x_wconf 85' lang='lat' dir='ltr'>universae</span> <span class='ocrx_word' id='word_1_23' title='bbox 1065 968 1224 1064; x_wconf 86' lang='lat' dir='ltr'>Ruffiae,</span> <span class='ocrx_word' id='word_1_24' title='bbox 1257 970 1333 1049; x_wconf 87' lang='lat' dir='ltr'>Soli</span> 
     </span>
     <span class='ocr_line' id='line_1_5' title="bbox 232 1077 1331 1190; baseline -0.001 -28"><span class='ocrx_word' id='word_1_25' title='bbox 232 1081 390 1162; x_wconf 88' lang='lat' dir='ltr'>Domino</span> <span class='ocrx_word' id='word_1_26' title='bbox 431 1082 483 1160; x_wconf 89' lang='lat' dir='ltr'>Vo</span> <span class='ocrx_word' id='word_1_27' title='bbox 485 1079 686 1174; x_wconf 84' lang='lat' dir='ltr'>ladomaeri,</span> <span class='ocrx_word' id='word_1_28' title='bbox 726 1083 796 1160; x_wconf 90' lang='lat' dir='ltr'><em>M</em></span> <span class='ocrx_word' id='word_1_29' title='bbox 783 1077 923 1186; x_wconf 85' lang='lat' dir='ltr'>schoae,</span> <span class='ocrx_word' id='word_1_30' title='bbox 963 1079 1196 1187; x_wconf 83' lang='lat' dir='ltr'>Novogrodi,</span> <span class='ocrx_word' id='word_1_31' title='bbox 1235 1083 1331 1190; x_wconf 85' lang='lat' dir='ltr'><em>Regi</em></span> 
     </span>
     <span class='ocr_line' id='line_1_6' title="bbox 232 1190 1325 1302; baseline 0.002 -30"><span class='ocrx_word' id='word_1_32' title='bbox 232 1193 396 1288; x_wconf 83' lang='lat' dir='ltr'>Cazani,</span> <span class='ocrx_word' id='word_1_33' title='bbox 429 1209 466 1273; x_wconf 85' lang='lat' dir='ltr'>et</span> <span class='ocrx_word' id='word_1_34' title='bbox 496 1190 715 1302; x_wconf 84' lang='lat' dir='ltr'>Astracani,</span> <span class='ocrx_word' id='word_1_35' title='bbox 749 1190 926 1300; x_wconf 87' lang='lat' dir='ltr'>Syberiae,</span> <span class='ocrx_word' id='word_1_36' title='bbox 958 1191 1117 1272; x_wconf 82' lang='lat' dir='ltr'>Domino</span> <span class='ocrx_word' id='word_1_37' title='bbox 1146 1190 1325 1300; x_wconf 80' lang='lat' dir='ltr'>Vobscoae,</span> 
     </span>
     <span class='ocr_line' id='line_1_7' title="bbox 229 1300 1325 1417; baseline 0.002 -33"><span class='ocrx_word' id='word_1_38' title='bbox 229 1304 397 1417; x_wconf 83' lang='lat' dir='ltr'>Magno</span> <span class='ocrx_word' id='word_1_39' title='bbox 395 1304 506 1386; x_wconf 88' lang='lat' dir='ltr'>Duci</span> <span class='ocrx_word' id='word_1_40' title='bbox 523 1306 604 1384; x_wconf 84' lang='lat' dir='ltr'>Smo</span> <span class='ocrx_word' id='word_1_41' title='bbox 605 1303 736 1398; x_wconf 85' lang='lat' dir='ltr'>lenchi,</span> <span class='ocrx_word' id='word_1_42' title='bbox 759 1300 977 1410; x_wconf 76' lang='lat' dir='ltr'>Tuerscoiae,</span> <span class='ocrx_word' id='word_1_43' title='bbox 998 1321 1035 1384; x_wconf 85' lang='lat' dir='ltr'>et</span> <span class='ocrx_word' id='word_1_44' title='bbox 1049 1333 1074 1383; x_wconf 87' lang='lat' dir='ltr'>a</span> <span class='ocrx_word' id='word_1_45' title='bbox 1074 1303 1230 1399; x_wconf 78' lang='lat' dir='ltr'>lr‘arum,</span> <span class='ocrx_word' id='word_1_46' title='bbox 1244 1307 1325 1386; x_wconf 85' lang='lat' dir='ltr'>Do-</span> 
     </span>
     <span class='ocr_line' id='line_1_8' title="bbox 229 1414 1326 1607; baseline 0.003 -111"><span class='ocrx_word' id='word_1_47' title='bbox 229 1418 322 1497; x_wconf 88' lang='lat' dir='ltr'>mino</span> <span class='ocrx_word' id='word_1_48' title='bbox 351 1446 398 1497; x_wconf 84' lang='lat' dir='ltr'>ac</span> <span class='ocrx_word' id='word_1_49' title='bbox 433 1419 578 1524; x_wconf 86' lang='lat' dir='ltr'>Magno</span> <span class='ocrx_word' id='word_1_50' title='bbox 609 1416 720 1496; x_wconf 82' lang='lat' dir='ltr'>Daci</span> <span class='ocrx_word' id='word_1_51' title='bbox 750 1415 1021 1607; x_wconf 69' lang='lat' dir='ltr'>Novogrodae,l</span> <span class='ocrx_word' id='word_1_52' title='bbox 1026 1414 1326 1544; x_wconf 66' lang='lat' dir='ltr'>Irfferiorumque</span> 
     </span>
     <span class='ocr_line' id='line_1_9' title="bbox 230 1526 1324 1637; baseline 0 -28"><span class='ocrx_word' id='word_1_53' title='bbox 230 1528 431 1637; x_wconf 85' lang='lat' dir='ltr'>Regionum</span> <span class='ocrx_word' id='word_1_54' title='bbox 451 1526 661 1635; x_wconf 79' lang='lat' dir='ltr'>Chernigoi,</span> <span class='ocrx_word' id='word_1_55' title='bbox 684 1528 908 1637; x_wconf 82' lang='lat' dir='ltr'>Rezanscoae</span> <span class='ocrx_word' id='word_1_56' title='bbox 928 1545 965 1608; x_wconf 86' lang='lat' dir='ltr'>et</span> <span class='ocrx_word' id='word_1_57' title='bbox 977 1527 1154 1621; x_wconf 82' lang='lat' dir='ltr'>aliarum,</span> <span class='ocrx_word' id='word_1_58' title='bbox 1168 1529 1324 1609; x_wconf 85' lang='lat' dir='ltr'>Domino</span> 
     </span>
     <span class='ocr_line' id='line_1_10' title="bbox 225 1639 1322 1832; baseline 0.001 -111"><span class='ocrx_word' id='word_1_59' title='bbox 225 1642 338 1721; x_wconf 84' lang='lat' dir='ltr'>omnis</span> <span class='ocrx_word' id='word_1_60' title='bbox 354 1642 490 1747; x_wconf 78' lang='lat' dir='ltr'>Plaga</span> <span class='ocrx_word' id='word_1_61' title='bbox 506 1639 824 1832; x_wconf 84' lang='lat' dir='ltr'>Septentrionalis,</span> <span class='ocrx_word' id='word_1_62' title='bbox 837 1640 923 1720; x_wconf 86' lang='lat' dir='ltr'>item</span> <span class='ocrx_word' id='word_1_63' title='bbox 938 1640 1094 1721; x_wconf 74' lang='lat' dir='ltr'>Domita</span> <span class='ocrx_word' id='word_1_64' title='bbox 1113 1640 1322 1747; x_wconf 85' lang='lat' dir='ltr'>Euerscoae,</span> 
     </span>
     <span class='ocr_line' id='line_1_11' title="bbox 229 1753 1269 1862; baseline 0 -28"><span class='ocrx_word' id='word_1_65' title='bbox 229 1756 353 1834; x_wconf 84' lang='lat' dir='ltr'>Carta</span> <span class='ocrx_word' id='word_1_66' title='bbox 354 1753 555 1860; x_wconf 69' lang='lat' dir='ltr'>lirffcae,l</span> <span class='ocrx_word' id='word_1_67' title='bbox 511 1783 535 1832; x_wconf 84' lang='lat' dir='ltr'>a</span> <span class='ocrx_word' id='word_1_68' title='bbox 551 1753 742 1862; x_wconf 85' lang='lat' dir='ltr'>iarumque</span> <span class='ocrx_word' id='word_1_69' title='bbox 753 1754 1042 1862; x_wconf 83' lang='lat' dir='ltr'>permultorum.</span> <span class='ocrx_word' id='word_1_70' title='bbox 1092 1753 1132 1830; x_wconf 89' lang='lat' dir='ltr'>S.</span> <span class='ocrx_word' id='word_1_71' title='bbox 1148 1753 1196 1832; x_wconf 92' lang='grc' dir='ltr'>Ρ.</span> <span class='ocrx_word' id='word_1_72' title='bbox 1213 1756 1269 1834; x_wconf 89' lang='grc' dir='ltr'>Ι).</span> 
     </span>
    </p>
   </div>
   <div class='ocr_carea' id='block_1_3' title="bbox 124 1968 1324 4437">
    <p class='ocr_par' dir='ltr' id='par_1_3' title="bbox 283 1968 1324 2080">
     <span class='ocr_line' id='line_1_12' title="bbox 283 1968 1324 2080; baseline 0.001 -30"><span class='ocrx_word' id='word_1_73' title='bbox 283 1969 473 2077; x_wconf 87' lang='lat' dir='ltr'>Nglorum</span> <span class='ocrx_word' id='word_1_74' title='bbox 492 1969 609 2049; x_wconf 85' lang='lat' dir='ltr'>Genti</span> <span class='ocrx_word' id='word_1_75' title='bbox 618 1997 712 2049; x_wconf 93' lang='lat' dir='ltr'>cum</span> <span class='ocrx_word' id='word_1_76' title='bbox 725 1968 884 2079; x_wconf 89' lang='lat' dir='ltr'>imperii</span> <span class='ocrx_word' id='word_1_77' title='bbox 896 1969 1010 2049; x_wconf 87' lang='lat' dir='ltr'>vestri</span> <span class='ocrx_word' id='word_1_78' title='bbox 1023 1970 1198 2080; x_wconf 91' lang='lat' dir='ltr'>populis</span> <span class='ocrx_word' id='word_1_79' title='bbox 1215 1989 1324 2051; x_wconf 84' lang='lat' dir='ltr'>vetus</span> 
     </span>
    </p>

    <p class='ocr_par' dir='ltr' id='par_1_4' title="bbox 124 2080 1322 4437">
     <span class='ocr_line' id='line_1_13' title="bbox 309 2080 1320 2191; baseline 0 -29"><span class='ocrx_word' id='word_1_80' title='bbox 309 2083 495 2176; x_wconf 90' lang='lat' dir='ltr'>amicitia,</span> <span class='ocrx_word' id='word_1_81' title='bbox 518 2080 759 2191; x_wconf 89' lang='lat' dir='ltr'>magnusque</span> <span class='ocrx_word' id='word_1_82' title='bbox 778 2081 881 2176; x_wconf 92' lang='lat' dir='ltr'>usus,</span> <span class='ocrx_word' id='word_1_83' title='bbox 902 2082 942 2161; x_wconf 93' lang='lat' dir='ltr'>id</span> <span class='ocrx_word' id='word_1_84' title='bbox 961 2081 1068 2190; x_wconf 92' lang='lat' dir='ltr'>quod</span> <span class='ocrx_word' id='word_1_85' title='bbox 1089 2109 1211 2162; x_wconf 84' lang='lat' dir='ltr'>nemo</span> <span class='ocrx_word' id='word_1_86' title='bbox 1236 2083 1320 2164; x_wconf 91' lang='lat' dir='ltr'>nes-</span> 
     </span>
     <span class='ocr_line' id='line_1_14' title="bbox 168 2193 1322 2324; baseline 0.001 -51"><span class='ocrx_word' id='word_1_87' title='bbox 168 2195 238 2288; x_wconf 91' lang='lat' dir='ltr'>cit,</span> <span class='ocrx_word' id='word_1_88' title='bbox 256 2195 629 2324; x_wconf 82' lang='lat' dir='ltr'>ampliffimumque</span> <span class='ocrx_word' id='word_1_89' title='bbox 645 2194 932 2274; x_wconf 86' lang='lat' dir='ltr'>commercium</span> <span class='ocrx_word' id='word_1_90' title='bbox 950 2194 1107 2301; x_wconf 90' lang='lat' dir='ltr'>jamdiu</span> <span class='ocrx_word' id='word_1_91' title='bbox 1124 2193 1226 2290; x_wconf 87' lang='lat' dir='ltr'>fuit;</span> <span class='ocrx_word' id='word_1_92' title='bbox 1257 2196 1322 2275; x_wconf 85' lang='lat' dir='ltr'>illa</span> 
     </span>
     <span class='ocr_line' id='line_1_15' title="bbox 169 2300 1322 2446; baseline 0.001 -61"><span class='ocrx_word' id='word_1_93' title='bbox 169 2300 262 2386; x_wconf 70' lang='lat' dir='ltr'>vetii</span> <span class='ocrx_word' id='word_1_94' title='bbox 293 2309 417 2388; x_wconf 89' lang='lat' dir='ltr'>virtus</span> <span class='ocrx_word' id='word_1_95' title='bbox 449 2305 664 2414; x_wconf 86' lang='lat' dir='ltr'>fingularis,</span> <span class='ocrx_word' id='word_1_96' title='bbox 699 2308 909 2416; x_wconf 84' lang='lat' dir='ltr'><em>Imperator</em></span> <span class='ocrx_word' id='word_1_97' title='bbox 943 2306 1107 2446; x_wconf 86' lang='lat' dir='ltr'>August</span> <span class='ocrx_word' id='word_1_98' title='bbox 1094 2305 1216 2412; x_wconf 82' lang='lat' dir='ltr'>ffime,</span> <span class='ocrx_word' id='word_1_99' title='bbox 1245 2336 1322 2417; x_wconf 88' lang='lat' dir='ltr'>qua</span> 
     </span>
     <span class='ocr_line' id='line_1_16' title="bbox 168 2416 1322 2548; baseline 0.003 -51"><span class='ocrx_word' id='word_1_100' title='bbox 168 2420 382 2524; x_wconf 87' lang='lat' dir='ltr'>majoribus</span> <span class='ocrx_word' id='word_1_101' title='bbox 417 2420 492 2500; x_wconf 88' lang='lat' dir='ltr'>suis</span> <span class='ocrx_word' id='word_1_102' title='bbox 510 2418 709 2548; x_wconf 77' lang='lat' dir='ltr'>Majestas</span> <span class='ocrx_word' id='word_1_103' title='bbox 740 2418 865 2499; x_wconf 90' lang='lat' dir='ltr'>vestra</span> <span class='ocrx_word' id='word_1_104' title='bbox 897 2416 1014 2524; x_wconf 67' lang='lat' dir='ltr'>longe</span> <span class='ocrx_word' id='word_1_105' title='bbox 1048 2419 1249 2528; x_wconf 87' lang='lat' dir='ltr'>praelucet,</span> <span class='ocrx_word' id='word_1_106' title='bbox 1284 2440 1322 2500; x_wconf 85' lang='lat' dir='ltr'>et</span> 
     </span>
     <span class='ocr_line' id='line_1_17' title="bbox 168 2532 1318 2641; baseline 0.004 -33"><span class='ocrx_word' id='word_1_107' title='bbox 168 2559 254 2639; x_wconf 86' lang='lat' dir='ltr'>quae</span> <span class='ocrx_word' id='word_1_108' title='bbox 273 2533 322 2611; x_wconf 89' lang='lat' dir='ltr'>de</span> <span class='ocrx_word' id='word_1_109' title='bbox 342 2561 387 2611; x_wconf 87' lang='lat' dir='ltr'>ea</span> <span class='ocrx_word' id='word_1_110' title='bbox 406 2532 518 2611; x_wconf 91' lang='lat' dir='ltr'>est</span> <span class='ocrx_word' id='word_1_111' title='bbox 482 2532 702 2610; x_wconf 81' lang='lat' dir='ltr'>vrcinorum</span> <span class='ocrx_word' id='word_1_112' title='bbox 720 2533 902 2610; x_wconf 89' lang='lat' dir='ltr'>omnium</span> <span class='ocrx_word' id='word_1_113' title='bbox 920 2532 1153 2641; x_wconf 87' lang='lat' dir='ltr'>Principum</span> <span class='ocrx_word' id='word_1_114' title='bbox 1168 2534 1318 2641; x_wconf 92' lang='lat' dir='ltr'>opinio,</span> 
     </span>
     <span class='ocr_line' id='line_1_18' title="bbox 167 2641 1319 2751; baseline 0.003 -30"><span class='ocrx_word' id='word_1_115' title='bbox 167 2641 412 2751; x_wconf 85' lang='lat' dir='ltr'>potiffimum</span> <span class='ocrx_word' id='word_1_116' title='bbox 443 2671 513 2723; x_wconf 89' lang='lat' dir='ltr'>nos</span> <span class='ocrx_word' id='word_1_117' title='bbox 543 2662 691 2736; x_wconf 90' lang='lat' dir='ltr'>movet,</span> <span class='ocrx_word' id='word_1_118' title='bbox 722 2663 766 2722; x_wconf 90' lang='lat' dir='ltr'>ut</span> <span class='ocrx_word' id='word_1_119' title='bbox 800 2643 1051 2749; x_wconf 86' lang='lat' dir='ltr'>Majestatern</span> <span class='ocrx_word' id='word_1_120' title='bbox 1081 2644 1252 2725; x_wconf 87' lang='lat' dir='ltr'>vestram</span> <span class='ocrx_word' id='word_1_121' title='bbox 1281 2665 1319 2724; x_wconf 91' lang='lat' dir='ltr'>et</span> 
     </span>
     <span class='ocr_line' id='line_1_19' title="bbox 166 2755 1316 2867; baseline 0.003 -34"><span class='ocrx_word' id='word_1_122' title='bbox 166 2756 316 2835; x_wconf 86' lang='lat' dir='ltr'>eximio</span> <span class='ocrx_word' id='word_1_123' title='bbox 343 2755 470 2835; x_wconf 91' lang='lat' dir='ltr'>studio</span> <span class='ocrx_word' id='word_1_124' title='bbox 501 2755 691 2848; x_wconf 88' lang='lat' dir='ltr'>colamus,</span> <span class='ocrx_word' id='word_1_125' title='bbox 723 2756 839 2864; x_wconf 85' lang='lat' dir='ltr'>eique</span> <span class='ocrx_word' id='word_1_126' title='bbox 864 2758 1156 2836; x_wconf 88' lang='lat' dir='ltr'>communicata</span> <span class='ocrx_word' id='word_1_127' title='bbox 1178 2758 1316 2867; x_wconf 90' lang='lat' dir='ltr'>cupia-</span> 
     </span>
     <span class='ocr_line' id='line_1_20' title="bbox 165 2867 1316 2979; baseline 0.003 -32"><span class='ocrx_word' id='word_1_128' title='bbox 165 2896 268 2962; x_wconf 88' lang='lat' dir='ltr'>mus,</span> <span class='ocrx_word' id='word_1_129' title='bbox 289 2897 376 2979; x_wconf 85' lang='lat' dir='ltr'>quae</span> <span class='ocrx_word' id='word_1_130' title='bbox 395 2890 434 2947; x_wconf 90' lang='lat' dir='ltr'>et</span> <span class='ocrx_word' id='word_1_131' title='bbox 455 2870 510 2948; x_wconf 89' lang='lat' dir='ltr'>rei</span> <span class='ocrx_word' id='word_1_132' title='bbox 532 2868 754 2975; x_wconf 70' lang='lat' dir='ltr'>Christiana</span> <span class='ocrx_word' id='word_1_133' title='bbox 773 2887 812 2947; x_wconf 89' lang='lat' dir='ltr'>et</span> <span class='ocrx_word' id='word_1_134' title='bbox 832 2867 1046 2948; x_wconf 89' lang='lat' dir='ltr'>rationibus</span> <span class='ocrx_word' id='word_1_135' title='bbox 1063 2869 1196 2949; x_wconf 84' lang='lat' dir='ltr'>vestris</span> <span class='ocrx_word' id='word_1_136' title='bbox 1211 2868 1316 2950; x_wconf 87' lang='lat' dir='ltr'>haud</span> 
     </span>
     <span class='ocr_line' id='line_1_21' title="bbox 124 2980 1316 3089; baseline 0.002 -30"><span class='ocrx_word' id='word_1_137' title='bbox 124 3029 125 3033; x_wconf 61' lang='lat'><em>=</em></span> <span class='ocrx_word' id='word_1_138' title='bbox 164 3008 305 3089; x_wconf 89' lang='lat' dir='ltr'>parum</span> <span class='ocrx_word' id='word_1_139' title='bbox 330 2981 562 3073; x_wconf 86' lang='lat' dir='ltr'>conducere,</span> <span class='ocrx_word' id='word_1_140' title='bbox 591 3008 663 3059; x_wconf 88' lang='lat' dir='ltr'>nec</span> <span class='ocrx_word' id='word_1_141' title='bbox 691 2980 822 3059; x_wconf 88' lang='lat' dir='ltr'>miuus</span> <span class='ocrx_word' id='word_1_142' title='bbox 847 2982 1017 3061; x_wconf 90' lang='lat' dir='ltr'>nominis</span> <span class='ocrx_word' id='word_1_143' title='bbox 1040 2982 1156 3061; x_wconf 89' lang='lat' dir='ltr'>vestri</span> <span class='ocrx_word' id='word_1_144' title='bbox 1183 2981 1316 3088; x_wconf 84' lang='lat' dir='ltr'>gloriae</span> 
     </span>
     <span class='ocr_line' id='line_1_22' title="bbox 163 3093 1316 3201; baseline 0.003 -30"><span class='ocrx_word' id='word_1_145' title='bbox 163 3093 302 3172; x_wconf 89' lang='lat' dir='ltr'>servire</span> <span class='ocrx_word' id='word_1_146' title='bbox 315 3093 418 3201; x_wconf 83' lang='lat' dir='ltr'>posse</span> <span class='ocrx_word' id='word_1_147' title='bbox 432 3094 716 3173; x_wconf 87' lang='lat' dir='ltr'>existimemus.</span> <span class='ocrx_word' id='word_1_148' title='bbox 763 3094 1316 3201; x_wconf 82' lang='lat' dir='ltr'>Qapropterornatiffimum</span> 
     </span>
     <span class='ocr_line' id='line_1_23' title="bbox 162 3202 1314 3310; baseline 0.003 -28"><span class='ocrx_word' id='word_1_149' title='bbox 162 3207 291 3285; x_wconf 91' lang='lat' dir='ltr'>virum</span> <span class='ocrx_word' id='word_1_150' title='bbox 309 3207 532 3285; x_wconf 91' lang='lat' dir='ltr'>Dominum</span> <span class='ocrx_word' id='word_1_151' title='bbox 555 3202 787 3285; x_wconf 87' lang='lat' dir='ltr'>Richardum</span> <span class='ocrx_word' id='word_1_152' title='bbox 808 3204 1033 3310; x_wconf 74' lang='lat' dir='ltr'>Bradshaw,</span> <span class='ocrx_word' id='word_1_153' title='bbox 1050 3205 1206 3285; x_wconf 89' lang='lat' dir='ltr'>summa</span> <span class='ocrx_word' id='word_1_154' title='bbox 1223 3206 1314 3301; x_wconf 87' lang='lat' dir='ltr'>fide,</span> 
     </span>
     <span class='ocr_line' id='line_1_24' title="bbox 162 3316 1314 3427; baseline 0.003 -33"><span class='ocrx_word' id='word_1_155' title='bbox 162 3318 401 3425; x_wconf 88' lang='lat' dir='ltr'>integritate,</span> <span class='ocrx_word' id='word_1_156' title='bbox 422 3318 644 3427; x_wconf 90' lang='lat' dir='ltr'>prudentia,</span> <span class='ocrx_word' id='word_1_157' title='bbox 666 3316 814 3426; x_wconf 92' lang='lat' dir='ltr'>usuque</span> <span class='ocrx_word' id='word_1_158' title='bbox 840 3346 988 3410; x_wconf 90' lang='lat' dir='ltr'>rerum,</span> <span class='ocrx_word' id='word_1_159' title='bbox 1009 3345 1059 3398; x_wconf 85' lang='lat' dir='ltr'>ex</span> <span class='ocrx_word' id='word_1_160' title='bbox 1085 3318 1170 3399; x_wconf 90' lang='lat' dir='ltr'>aliis</span> <span class='ocrx_word' id='word_1_161' title='bbox 1192 3320 1314 3399; x_wconf 89' lang='lat' dir='ltr'>etiam</span> 
     </span>
     <span class='ocr_line' id='line_1_25' title="bbox 162 3429 1315 3536; baseline 0.004 -30"><span class='ocrx_word' id='word_1_162' title='bbox 162 3430 459 3535; x_wconf 86' lang='lat' dir='ltr'>Legationibus,</span> <span class='ocrx_word' id='word_1_163' title='bbox 487 3432 598 3510; x_wconf 89' lang='lat' dir='ltr'>nobis</span> <span class='ocrx_word' id='word_1_164' title='bbox 621 3431 844 3536; x_wconf 90' lang='lat' dir='ltr'>cognitum,</span> <span class='ocrx_word' id='word_1_165' title='bbox 865 3431 912 3509; x_wconf 91' lang='lat' dir='ltr'>ad</span> <span class='ocrx_word' id='word_1_166' title='bbox 940 3429 1191 3535; x_wconf 89' lang='lat' dir='ltr'>Majestatem</span> <span class='ocrx_word' id='word_1_167' title='bbox 1215 3432 1315 3512; x_wconf 86' lang='lat' dir='ltr'>Ves-</span> 
     </span>
     <span class='ocr_line' id='line_1_26' title="bbox 163 3533 1316 3650; baseline 0.003 -30"><span class='ocrx_word' id='word_1_168' title='bbox 163 3561 263 3620; x_wconf 87' lang='lat' dir='ltr'>tram</span> <span class='ocrx_word' id='word_1_169' title='bbox 288 3541 464 3620; x_wconf 87' lang='lat' dir='ltr'>mifimus</span> <span class='ocrx_word' id='word_1_170' title='bbox 486 3533 733 3636; x_wconf 86' lang='lat' dir='ltr'>Oratorem;¹</span> <span class='ocrx_word' id='word_1_171' title='bbox 753 3543 823 3650; x_wconf 93' lang='lat' dir='ltr'>qui</span> <span class='ocrx_word' id='word_1_172' title='bbox 847 3561 887 3621; x_wconf 92' lang='lat' dir='ltr'>et</span> <span class='ocrx_word' id='word_1_173' title='bbox 913 3542 1103 3648; x_wconf 85' lang='lat' dir='ltr'>fingulare</span> <span class='ocrx_word' id='word_1_174' title='bbox 1128 3570 1222 3650; x_wconf 88' lang='lat' dir='ltr'>erga</span> <span class='ocrx_word' id='word_1_175' title='bbox 1248 3573 1316 3625; x_wconf 92' lang='lat' dir='ltr'>vos</span> 
     </span>
     <span class='ocr_line' id='line_1_27' title="bbox 162 3652 1316 3762; baseline 0.003 -30"><span class='ocrx_word' id='word_1_176' title='bbox 162 3652 337 3733; x_wconf 89' lang='lat' dir='ltr'>nostrum</span> <span class='ocrx_word' id='word_1_177' title='bbox 369 3652 554 3746; x_wconf 90' lang='lat' dir='ltr'>studium,</span> <span class='ocrx_word' id='word_1_178' title='bbox 585 3653 859 3762; x_wconf 90' lang='lat' dir='ltr'>summamque</span> <span class='ocrx_word' id='word_1_179' title='bbox 888 3652 1173 3735; x_wconf 88' lang='lat' dir='ltr'>observantiam</span> <span class='ocrx_word' id='word_1_180' title='bbox 1203 3655 1316 3736; x_wconf 91' lang='lat' dir='ltr'>vobis</span> 
     </span>
     <span class='ocr_line' id='line_1_28' title="bbox 161 3765 1315 3875; baseline 0.003 -31"><span class='ocrx_word' id='word_1_181' title='bbox 161 3785 346 3875; x_wconf 85' lang='lat' dir='ltr'>exponat,</span> <span class='ocrx_word' id='word_1_182' title='bbox 367 3786 407 3844; x_wconf 91' lang='lat' dir='ltr'>et</span> <span class='ocrx_word' id='word_1_183' title='bbox 426 3765 652 3875; x_wconf 69' lang='lat' dir='ltr'>supradistis</span> <span class='ocrx_word' id='word_1_184' title='bbox 668 3767 716 3845; x_wconf 89' lang='lat' dir='ltr'>de</span> <span class='ocrx_word' id='word_1_185' title='bbox 731 3766 845 3845; x_wconf 90' lang='lat' dir='ltr'>rebus</span> <span class='ocrx_word' id='word_1_186' title='bbox 865 3793 979 3873; x_wconf 90' lang='lat' dir='ltr'>agere</span> <span class='ocrx_word' id='word_1_187' title='bbox 994 3793 1089 3847; x_wconf 91' lang='lat' dir='ltr'>cum</span> <span class='ocrx_word' id='word_1_188' title='bbox 1105 3767 1315 3873; x_wconf 86' lang='lat' dir='ltr'>Majestate</span> 
     </span>
     <span class='ocr_line' id='line_1_29' title="bbox 160 3876 1314 3988; baseline 0.003 -32"><span class='ocrx_word' id='word_1_189' title='bbox 160 3879 297 3959; x_wconf 89' lang='lat' dir='ltr'>Vestra</span> <span class='ocrx_word' id='word_1_190' title='bbox 311 3879 436 3988; x_wconf 84' lang='lat' dir='ltr'>poffit.</span> <span class='ocrx_word' id='word_1_191' title='bbox 497 3881 605 3957; x_wconf 90' lang='lat' dir='ltr'>Eum</span> <span class='ocrx_word' id='word_1_192' title='bbox 619 3879 750 3986; x_wconf 90' lang='lat' dir='ltr'>itaque</span> <span class='ocrx_word' id='word_1_193' title='bbox 768 3876 992 3985; x_wconf 62' lang='lat' dir='ltr'>utbenigne</span> <span class='ocrx_word' id='word_1_194' title='bbox 1006 3879 1136 3959; x_wconf 90' lang='lat' dir='ltr'>nostro</span> <span class='ocrx_word' id='word_1_195' title='bbox 1149 3883 1314 3960; x_wconf 90' lang='lat' dir='ltr'>nomine</span> 
     </span>
     <span class='ocr_line' id='line_1_30' title="bbox 159 3991 1313 4100; baseline 0.004 -32"><span class='ocrx_word' id='word_1_196' title='bbox 159 3992 373 4100; x_wconf 84' lang='lat' dir='ltr'>accipiatis,</span> <span class='ocrx_word' id='word_1_197' title='bbox 388 3991 504 4099; x_wconf 90' lang='lat' dir='ltr'>eique</span> <span class='ocrx_word' id='word_1_198' title='bbox 522 4010 564 4069; x_wconf 94' lang='lat' dir='ltr'>ut</span> <span class='ocrx_word' id='word_1_199' title='bbox 568 3991 747 4098; x_wconf 88' lang='lat' dir='ltr'>,quoties</span> <span class='ocrx_word' id='word_1_200' title='bbox 762 3991 1021 4070; x_wconf 90' lang='lat' dir='ltr'>commodum</span> <span class='ocrx_word' id='word_1_201' title='bbox 1036 3992 1125 4084; x_wconf 88' lang='lat' dir='ltr'>erit,</span> <span class='ocrx_word' id='word_1_202' title='bbox 1138 3991 1313 4073; x_wconf 88' lang='lat' dir='ltr'>liberum</span> 
     </span>
     <span class='ocr_line' id='line_1_31' title="bbox 158 4101 1311 4211; baseline 0.004 -30"><span class='ocrx_word' id='word_1_203' title='bbox 158 4102 325 4197; x_wconf 89' lang='lat' dir='ltr'>aditum,</span> <span class='ocrx_word' id='word_1_204' title='bbox 345 4103 531 4211; x_wconf 85' lang='lat' dir='ltr'>auresque</span> <span class='ocrx_word' id='word_1_205' title='bbox 551 4102 753 4209; x_wconf 88' lang='lat' dir='ltr'>benignas,</span> <span class='ocrx_word' id='word_1_206' title='bbox 775 4101 895 4183; x_wconf 88' lang='lat' dir='ltr'>fidem</span> <span class='ocrx_word' id='word_1_207' title='bbox 915 4103 1113 4211; x_wconf 89' lang='lat' dir='ltr'>denique</span> <span class='ocrx_word' id='word_1_208' title='bbox 1102 4132 1143 4183; x_wconf 86' lang='lat' dir='ltr'>rn</span> <span class='ocrx_word' id='word_1_209' title='bbox 1159 4105 1208 4185; x_wconf 88' lang='lat' dir='ltr'>iis</span> <span class='ocrx_word' id='word_1_210' title='bbox 1221 4134 1311 4185; x_wconf 89' lang='lat' dir='ltr'>om-</span> 
     </span>
     <span class='ocr_line' id='line_1_32' title="bbox 159 4214 1312 4353; baseline 0.003 -58"><span class='ocrx_word' id='word_1_211' title='bbox 159 4217 272 4296; x_wconf 84' lang='lat' dir='ltr'>nibus</span> <span class='ocrx_word' id='word_1_212' title='bbox 288 4244 374 4324; x_wconf 86' lang='lat' dir='ltr'>quae</span> <span class='ocrx_word' id='word_1_213' title='bbox 393 4214 637 4353; x_wconf 86' lang='lat' dir='ltr'>proposuerit</span> <span class='ocrx_word' id='word_1_214' title='bbox 657 4234 725 4294; x_wconf 93' lang='lat' dir='ltr'>aut</span> <span class='ocrx_word' id='word_1_215' title='bbox 746 4214 987 4323; x_wconf 89' lang='lat' dir='ltr'>transegerit,</span> <span class='ocrx_word' id='word_1_216' title='bbox 1004 4217 1171 4297; x_wconf 84' lang='lat' dir='ltr'>eandem</span> <span class='ocrx_word' id='word_1_217' title='bbox 1191 4237 1312 4327; x_wconf 85' lang='lat' dir='ltr'>atque</span> 
     </span>
     <span class='ocr_line' id='line_1_33' title="bbox 158 4325 1310 4437; baseline 0.003 -29"><span class='ocrx_word' id='word_1_218' title='bbox 158 4327 456 4437; x_wconf 77' lang='lat' dir='ltr'>nobismetipsis,</span> <span class='ocrx_word' id='word_1_219' title='bbox 485 4327 511 4406; x_wconf 86' lang='lat' dir='ltr'>fi</span> <span class='ocrx_word' id='word_1_220' title='bbox 538 4355 672 4408; x_wconf 91' lang='lat' dir='ltr'>coram</span> <span class='ocrx_word' id='word_1_221' title='bbox 695 4325 960 4421; x_wconf 80' lang='lat' dir='ltr'>adfuissemus,</span> <span class='ocrx_word' id='word_1_222' title='bbox 984 4328 1154 4437; x_wconf 89' lang='lat' dir='ltr'>praebere</span> <span class='ocrx_word' id='word_1_223' title='bbox 1180 4331 1310 4412; x_wconf 88' lang='lat' dir='ltr'>velitis</span> 
     </span>
    </p>
   </div>
   <div class='ocr_carea' id='block_1_4' title="bbox 0 0 1482 4980">
    <p class='ocr_par' dir='ltr' id='par_1_5' title="bbox 0 0 1482 4980">
     <span class='ocr_line' id='line_1_34' title="bbox 0 0 1482 4980; baseline 0 6"><span class='ocrx_word' id='word_1_224' title='bbox 0 0 1482 4980; x_wconf 95' lang='lat' dir='ltr'> </span> 
     </span>
    </p>
   </div>
  </div>
 </body>
</html>
