2956 4980
172 285 249 366 130
570 246 697 339 Artis
725 246 910 374 Logicae
1105 233 1216 335 Lib.
1248 272 1287 329 2.

168 418 216 497 ad
238 437 405 497 matrem
423 449 432 497 :
463 416 564 498 lodie
581 446 636 496 nte
654 433 723 496 aut
741 416 949 526 pontficcm
967 413 1122 507 videbis,
1141 426 1213 492 aut
1231 436 1323 488 exu-

166 530 246 610 lem.
309 530 423 611 Ovid.
446 531 486 609 in
505 530 668 640 epistola
687 527 869 609 Leandri.

337 707 425 783 Aut
442 704 536 783 mihi
550 702 736 809 continget
741 701 846 809 felix
864 699 1159 807 andaciasalvo‚
1208 738 1216 751 ·

337 820 425 896 Aut
443 845 538 895 mars
543 813 705 923 solliciti
706 814 802 923 finis
820 813 955 895 amaris
972 812 1059 892 erit.

273 1255 397 1334 CAP.
429 1255 505 1333 IX.
566 1254 630 1334 De
651 1253 855 1364 Syllagffrna
873 1271 910 1334 et
928 1253 1006 1362 ejus
1018 1252 1213 1364 partibus.

178 1452 185 1459 '
268 1438 316 1485 e·
345 1431 481 1539 Tque
497 1427 686 1534 ejusmodi
703 1427 901 1536 dispofitio
916 1427 972 1506 est
987 1427 1226 1506 axiomatica
1245 1426 1321 1506 five

183 1627 190 1647 ,
291 1549 319 1638 ζ
340 1631 344 1650 .
390 1542 542 1621 noe'tica
561 1542 768 1620 axiomatis
788 1534 913 1649 perse
934 1537 1159 1620 manifesti:
1190 1538 1320 1649 sequi-

174 1649 199 1727 f
247 1717 273 1753 o
391 1673 454 1734 tur
472 1654 704 1732 dianoetica.

254 1770 272 1802 ⁰
309 1782 336 1799 '
452 1765 678 1846 Dianaitica
703 1764 751 1873 est
774 1760 856 1843 crim
883 1761 991 1844 aliud
1007 1764 1153 1844 axioma
1182 1792 1231 1843 ex
1252 1763 1325 1844 alia

166 1871 374 1954 deducitur.

223 1985 315 2065 Vox
343 1990 481 2068 Graeca
507 1984 645 2082 ludina,
675 1987 818 2066 mentis
848 2005 888 2066 et
916 1988 1075 2067 rationis
1103 1985 1322 2072 discursum

167 2096 379 2203 fignificat3
402 2100 575 2208 quitum
596 2101 640 2180 fit
660 2096 835 2178 maxime
852 2095 946 2179 cum
966 2099 1154 2179 sententia
1173 2100 1251 2181 alia
1272 2131 1323 2183 ex

165 2211 240 2289 alia
260 2212 525 2291 ratiocinando
545 2212 765 2291 deducitur.

222 2321 418 2432 Dfftaſstia
438 2323 641 2405 dianaetica
659 2322 944 2433 esssyllagffmas
959 2340 1029 2403 aut
1046 2323 1248 2403 methodus.

223 2436 520 2545 Syllagismusest
546 2436 720 2546 dstosttio
743 2435 946 2516 dianaetica
969 2465 1043 2544 qua
1065 2436 1213 2546 quaestio
1239 2466 1324 2517 curn

164 2567 380 2652 argumento
400 2548 456 2628 ita
475 2549 690 2657 disponitur,
721 2565 765 2628 ut
786 2549 899 2657 posita
925 2548 1171 2642 antecedente,
1202 2550 1323 2656 neces-

150 2657 260 2763 saria
279 2658 535 2739 concludatur.

221 2771 291 2850 Est
310 2772 488 2851 dianoia:
520 2772 576 2851 est
598 2798 691 2877 ergo
715 2769 902 2850 discursus
924 2772 1066 2849 mentis
1090 2798 1135 2850 ac
1158 2773 1322 2853 rationis

162 2909 242 2990 quo
263 2883 370 2963 aliud
389 2912 439 2963 ex
459 2885 536 2964 alio
556 2883 822 2963 ratiocinando
841 2883 1067 2990 colligitur:
1089 2911 1179 2962 eam
1200 2887 1321 2966 ratio-

163 2997 328 3076 cinantis
351 2997 457 3105 quafi
485 2996 759 3077 colledtionem
786 3023 864 3074 vox
891 2996 971 3104 ipsa
996 2995 1210 3102 syllogismi
1240 2999 1317 3104 s1g-

163 3106 323 3187 nificat:
355 3137 441 3216 quae
465 3110 628 3217 quidem
654 3107 835 3187 colledtio
866 3108 942 3187 five
968 3108 1152 3187 deductio
1179 3108 1230 3188 ab
1257 3112 1318 3188 in-

164 3218 339 3299 telleetfis
360 3218 525 3300 humani
544 3219 814 3300 imbecillitate
830 3218 1004 3329 proseda
1019 3218 1098 3298 est:
1120 3247 1209 3327 quae
1222 3219 1318 3302 ciun

164 3360 296 3410 rerum
316 3335 522 3413 veritatem
541 3353 580 3412 et
604 3332 811 3411 falsitatem
836 3333 967 3440 primo
993 3333 1140 3411 intuitu
1167 3334 1318 3443 perspi-

163 3471 250 3522 cere
274 3445 314 3521 in
334 3447 532 3524 axiomate
553 3473 631 3524 non
653 3444 792 3553 potest,
807 3445 855 3523 ad
872 3443 1143 3552 syllogismum
1163 3445 1202 3524 se
1221 3474 1318 3527 con·

164 3555 254 3648 fert,
272 3556 311 3633 in
331 3585 410 3663 quo
430 3557 478 3635 de
499 3557 773 3664 consequentia
792 3577 831 3636 et
847 3556 1166 3665 inconsequentia
1182 3586 1319 3638 earum

155 3665 346 3772 judicare.

220 3776 315 3859 Crine
335 3779 459 3888 itaque
482 3779 628 3860 axioma
651 3777 799 3858 dubium
822 3779 883 3887 est,
911 3779 1056 3889 qaeestio
1079 3778 1257 3887 efficitur,
1282 3797 1319 3860 et

160 3891 215 3970 ad
228 3890 306 3995 ejus
320 3890 436 4001 fidem
460 3892 571 3971 tertia
596 3909 812 3999 argumenta
837 3892 886 3999 est
910 3909 999 4001 opus
1020 3919 1102 3972 cum
1126 3891 1320 4002 quastione

159 4004 343 4084 collocata.

219 4114 453 4225 Qaestionis
481 4133 608 4222 partes
635 4113 758 4221 vulgo
785 4116 944 4194 termini
973 4112 1248 4223 appellantur3
1280 4137 1320 4198 et

158 4228 388 4308 antecedens
409 4227 572 4334 quidem
593 4227 723 4305 minor
744 4228 948 4321 terminus,
969 4226 1211 4335 consequens
1230 4257 1316 4310 ma·

152 4341 216 4447 jor
233 4341 423 4420 terminus
444 4338 611 4432 dicitur;
634 4339 727 4446 quia
747 4341 1000 4420 antecedente
1021 4339 1137 4419 latius
1156 4337 1241 4421 ferd
1261 4341 1316 4421 est

158 4453 410 4559 consequens.
442 4450 629 4529 Tertium
646 4471 778 4531 autem
795 4473 1077 4561 argumentum
1092 4451 1142 4531 ab
1150 4451 1313 4560 Arssot.
