2956 4980
201 225 318 357 Cap.
345 265 369 321 2
374 265 413 347 5.
491 180 702 322 'Plenior
727 221 976 322 Institutio.
1264 240 1309 319 81

159 397 282 479 ditur.
313 398 604 508 Qamobrem,
620 419 664 479 ut
683 398 810 508 supra,
830 428 974 480 nomen
990 402 1038 480 ad
1055 402 1313 494 notationem,

159 510 213 589 ita
232 509 301 591 hle
320 512 495 591 inductio
514 512 561 591 ad
582 511 898 592 distributionem
918 512 1118 593 referenda
1138 514 1210 609 est;
1233 541 1312 591 non

159 623 208 703 ad
232 622 492 732 syllogismos,
522 643 567 704 ut
594 624 773 734 plerique
801 627 963 720 volunt;
1004 623 1098 705 clun
1127 654 1205 704 non
1235 626 1312 704 alio

159 736 281 816 modo
301 736 351 816 ab
369 735 595 817 induitione
611 754 935 844 argumentemur
950 756 1067 847 atque
1087 735 1109 815 al
1128 737 1309 834 distribu-

159 848 292 928 tione:
324 847 352 926 fi
382 849 518 928 uidem
541 849 680 929 eadem
702 849 758 929 est
780 849 842 929 via
872 846 1005 929 Thebis
1029 851 1203 929 Athenas
1226 877 1312 956 quae

157 960 323 1041 Athenis
369 959 493 1040 hebor.
538 961 781 1040 Induuionis
800 979 933 1041 autem
953 966 1153 1042 auetorem
1164 961 1248 1040 Ari
1273 991 1313 1041 o·

156 1072 246 1152 teles
264 1072 439 1180 agnoscit
458 1073 670 1154 Socratem:
701 1072 859 1181 ejusque
879 1075 1141 1154 neceffitatem
1162 1092 1310 1153 tantam

158 1182 234 1264 efl'e
257 1185 431 1279 testatur,
459 1203 504 1264 ut
522 1182 617 1265 cirrn
642 1184 800 1264 scientia
829 1186 1106 1265 universalium
1135 1187 1195 1280 srt,
1222 1186 1312 1264 uni-

157 1294 320 1376 versalia
338 1296 569 1404 cognoscere
590 1323 832 1405 nequeamus
852 1297 921 1376 nifi
938 1327 1008 1407 per
1026 1299 1310 1378 inductionem.

158 1406 405 1489 luduffionis
424 1436 520 1517 ergo
538 1437 614 1519 ope
634 1427 825 1517 praecepta
849 1411 994 1489 artium
1018 1412 1175 1490 inventa
1198 1408 1309 1503 sunt;

158 1538 203 1601 ut
221 1521 265 1600 in
284 1522 481 1630 prooemio
500 1522 743 1601 monuimus.

215 1633 444 1742 Dssributia
457 1633 630 1740 sumitur
647 1662 694 1712 ex
716 1633 947 1738 argumentis
970 1633 1044 1713 toti
1063 1633 1203 1746 quidem
1227 1660 1313 1712 con-

145 1744 354 1854 sentaneis,
374 1744 526 1852 interst
543 1763 667 1825 autem
685 1744 925 1854 diffi’ntaneis.

216 1856 295 1937 Sed
326 1854 501 1938 diffenfio
532 1858 598 1937 illa
627 1884 706 1936 non
741 1857 796 1937 est
826 1856 1107 1937 distributionis
1138 1853 1313 1936 diffenfio

159 1967 385 2077 (nunquam
401 1994 442 2048 n.
458 1968 741 2049 dissentaneum
758 1970 798 2047 in
813 1969 1095 2050 dissentaneum
1112 1966 1313 2048 distribui-

160 2081 245 2184 tur)
267 2081 332 2161 sed
351 2083 523 2192 partium
543 2080 851 2162 distributorum.

218 2194 359 2304 Itaque
373 2211 478 2275 tanto
496 2193 712 2275 accuratior
730 2192 804 2273 erit
822 2191 1039 2300 distributio,
1062 2210 1198 2301 quanto
1215 2208 1314 2299 par·

157 2305 256 2386 tiam
281 2325 319 2388 et
348 2335 431 2387 cum
453 2324 528 2388 toto
558 2305 728 2412 coefferfio
754 2323 791 2385 et
818 2307 917 2386 inter
936 2306 984 2410 st
1013 2304 1167 2414 diffenſso
1197 2302 1315 2410 major

179 2435 295 2498 uerrt.

143 2422 191 2527 s
216 2530 330 2609 Hinc
349 2529 534 2623 efficitur,
551 2556 640 2610 eam
656 2528 971 2609 distributionem
991 2529 1314 2608 accuratillrmam

159 2639 252 2735 else,
268 2670 355 2751 quae
373 2643 414 2721 in
434 2643 528 2722 duas
548 2661 676 2751 partes
692 2642 757 2736 fit;
780 2638 902 2750 eique
920 2640 1133 2720 dichotomia
1149 2642 1315 2721 dicitur:

159 2754 338 2834 dissensio
357 2755 466 2834 enim
493 2754 697 2834 interduo
716 2755 892 2834 maxima
921 2752 1001 2847 est;
1033 2773 1073 2831 et
1101 2755 1315 2834 contrario-

159 2892 253 2946 rum
278 2892 405 2946 unum
429 2867 498 2946 uni
524 2884 677 2946 tantum
702 2867 931 2977 opponitur.
992 2866 1164 2945 Platonis
1182 2868 1314 2974 itaque

159 2978 298 3087 regula
335 2978 414 3058 est:
456 2996 598 3087 oportet
635 2980 673 3059 in
710 2978 820 3089 qudm
847 2975 1057 3087 proximum
1079 2977 1179 3084 fleri
1198 2977 1315 3087 potest

158 3119 352 3171 numerum
360 3089 509 3200 semper
526 3090 703 3171 dessidere.
759 3091 880 3199 Qod
900 3090 927 3168 sr
947 3086 1233 3169 dichotomiam
1253 3090 1314 3167 in-

159 3203 296 3283 venire
315 3229 395 3282 non
414 3231 618 3312 queamus
644 3204 804 3283 difficile
826 3230 865 3281 n.
888 3202 944 3280 est
970 3229 1057 3280 eam
1082 3201 1233 3310 semper
1252 3203 1315 3280 in·

158 3316 311 3408 venire,
348 3313 492 3424 species
529 3313 695 3395 bisbinas
733 3342 878 3424 ponere
914 3313 1112 3392 interdum
1150 3314 1315 3422 praestat,

159 3428 270 3536 quali
299 3426 367 3506 sub
392 3426 545 3509 duobus
568 3427 792 3537 generibus
822 3426 914 3505 licet
945 3427 1164 3534 anonymis,
1194 3425 1315 3537 quim

160 3557 334 3648 quatuor
351 3537 421 3618 sub
437 3566 531 3618 un0.
591 3542 690 3620 Haec
707 3567 745 3618 n.
763 3537 1046 3618 distributionis
1063 3536 1205 3633 forma,
1222 3542 1315 3619 licet

161 3678 244 3730 non
275 3651 322 3730 fit
343 3652 511 3760 optima,
538 3650 594 3731 est
624 3673 755 3733 tamen
781 3652 940 3760 optimae
968 3653 1164 3759 proxima.
1225 3654 1315 3733 Hac

163 3765 316 3843 ratione
336 3759 449 3872 supra
471 3791 557 3873 cap.
583 3790 620 3870 3.
681 3766 824 3844 Romus
846 3763 975 3842 divifit
998 3763 1140 3856 causas,
1165 3764 1206 3841 in
1237 3764 1316 3844 duo

159 3903 307 3984 genera
335 3902 531 3985 anonyma
560 3903 704 3985 nempe
723 3875 930 3983 efficientem
953 3894 990 3954 et
1012 3874 1220 3969 materiam,
1247 3897 1317 3958 aut

147 3988 321 4097 formam
339 3989 512 4097 etfinem.
544 3987 626 4068 Eff.
688 3988 771 4069 Ubi
792 4006 925 4068 autem
943 3985 1187 4066 dichotomia
1208 3991 1316 4070 nullo

162 4102 287 4182 modo
305 4099 517 4180 commode
537 4099 715 4180 adhiberi
743 4101 882 4210 potest,
901 4099 1028 4179 multis
1043 4099 1217 4209 protinus
1240 4102 1317 4211 dif-

148 4212 335 4321 ferentiis
350 4243 410 4292 res
429 4210 623 4293 dividenda
642 4212 704 4320 est,
725 4231 768 4292 ut
788 4213 1004 4320 Aristoteles
1024 4232 1172 4292 monet.
1229 4216 1317 4294 Ne-

161 4352 242 4433 que
271 4326 379 4404 enim
410 4345 569 4434 propter
603 4323 855 4404 dichotomiae
893 4324 1067 4404 studium
1095 4323 1318 4404 distributio

161 4438 226 4518 vel
246 4437 465 4518 mutilanda
484 4437 546 4517 vel
567 4437 805 4547 implicanda
824 4455 891 4516 aut
909 4435 1184 4516 confundenda
1205 4434 1272 4515 est.

223 4576 247 4657 5
731 4575 759 4626 G
