2956 4980
155 211 241 315 464
458 190 753 292 Prolufiones
777 197 1018 294 Oratoriae.

159 393 248 453 tum
267 371 396 452 adhuc
414 369 527 449 fuisse
546 373 616 479 qui
635 372 741 479 quafi
761 371 914 451 coelitus
929 371 1067 451 datum
1083 370 1298 452 universum

161 504 353 565 terrarum
376 482 515 562 orbem
545 480 731 576 habuere,
752 502 792 562 et
814 482 926 592 supra
950 509 1089 562 omnes
1111 484 1243 591 Reges
1267 500 1300 564 et

161 595 354 703 Dynastas
381 594 528 702 aequale
556 595 646 675 Diis
674 595 764 704 ipfis
794 596 927 704 partiti
957 594 1045 673 sunt
1075 594 1299 703 imperium,

159 706 422 787 Alexandrum
441 733 585 814 nempe
604 733 796 813 magnum
824 725 864 785 et
882 706 1086 786 ortasium
1108 705 1299 814 Caesarem,

159 818 301 927 eosque
328 816 463 897 ambos
483 817 744 926 Philosophiae
768 817 960 897 alumnos.
1022 817 1193 896 Perinde
1217 818 1300 898 acfi

160 931 361 1039 quoddam
391 929 591 1008 electionis
625 930 829 1037 exemplar
858 930 1046 1008 divinitus
1080 927 1300 1010 exhibitum

159 1042 251 1121 esset
280 1038 524 1132 hominibus,
543 1040 652 1148 quali
690 1040 933 1150 potissrmum
960 1041 1044 1119 viro
1079 1040 1240 1121 clavum
1268 1059 1301 1121 et

22 1177 27 1190 ·
158 1149 329 1232 habenas
349 1179 481 1232 rerum
500 1152 607 1231 credi
627 1171 836 1260 oporteret.
882 1153 940 1231 At
959 1152 1094 1231 multae
1111 1151 1214 1262 resp
1231 1154 1301 1233 fine

157 1265 294 1357 literis,
315 1263 429 1343 rebus
448 1263 564 1371 gestis
584 1282 625 1343 et
643 1263 843 1372 opulentis
862 1263 1049 1343 claruere
1097 1263 1302 1372 Spartano-

158 1405 243 1456 rum
269 1376 447 1484 quidem,
467 1375 538 1484 qui
563 1376 612 1454 ad
639 1375 841 1454 literarum
867 1376 1040 1455 studium
1065 1377 1303 1457 contulerint

161 1488 213 1581 se,
232 1490 348 1597 pauci
377 1507 669 1581 memorantur;
701 1488 862 1567 Romani
889 1490 989 1566 intra
1022 1488 1131 1566 urbis
1160 1491 1302 1569 moenia

162 1598 459 1708 Philosophiam
478 1598 560 1679 sero
579 1618 812 1707 receperunt
829 1630 838 1693 ;
861 1618 900 1678 at
921 1598 979 1677 illi
992 1598 1234 1706 Legissatore
1254 1600 1304 1680 ufi

161 1711 249 1790 sunt
274 1713 463 1819 Lycurgo,
484 1711 554 1817 qui
581 1729 621 1789 et
650 1708 903 1819 philosophus
931 1709 1008 1790 suit
1034 1729 1075 1790 et
1095 1712 1304 1791 Poetarum

160 1823 258 1902 adeo
284 1823 487 1915 studiosus,
510 1840 556 1900 ut
582 1823 741 1902 Homeri
763 1821 903 1931 scripta
931 1849 1001 1930 per
1019 1822 1162 1903 Ioniam
1189 1822 1305 1931 sparsa

161 1934 315 2012 summas
344 1934 439 2012 cura
462 1935 613 2041 primus
637 1934 853 2041 collegerit.
913 1934 973 2014 Hi
1005 1934 1092 2044 post
1117 1935 1245 2014 varios
1268 1936 1305 2013 in

160 2044 256 2124 urbe
276 2063 407 2123 motus
426 2062 467 2122 et
489 2044 800 2152 perturbationes
823 2052 923 2153 aegr'e
950 2044 987 2122 se
1014 2046 1223 2125 sustentare
1242 2072 1305 2124 va·

159 2158 298 2249 lentes,
329 2155 378 2234 ab
401 2155 564 2235 Athenis
587 2156 632 2235 es
657 2156 883 2266 tempestate
908 2157 1054 2235 artium
1076 2156 1208 2236 studio
1235 2155 1305 2235 fio-

161 2268 398 2361 rentissrmis,
427 2269 554 2375 Leges
583 2268 891 2360 Decemvirales,
917 2295 1003 2374 quae
1029 2286 1069 2346 et
1094 2267 1306 2347 duodecim

162 2380 301 2460 tabulae
320 2381 430 2459 dietae
445 2379 547 2472 sunt,
561 2380 680 2460 missrs
699 2381 835 2509 legatis
854 2379 1163 2458 emendicarunt.
1198 2380 1307 2490 Qid

159 2492 187 2569 fi
207 2490 415 2571 hodiernos
429 2487 575 2571 Turcas
590 2520 661 2599 per
679 2494 813 2620 opima
824 2491 928 2597 Afiae
946 2516 1065 2597 regna
1078 2517 1213 2570 rerum
1233 2492 1307 2569 late

161 2605 305 2709 potitos
344 2604 473 2681 omnis
512 2602 765 2681 literaturae
754 2629 908 2708 ignaros
947 2602 1059 2680 nobis
1092 2601 1306 2706 objiciant?

159 2714 389 2821 Equidem
379 2742 417 2792 1n
435 2741 480 2791 ea
498 2715 635 2822 repub.
652 2714 695 2820 (fi
715 2733 845 2792 tamen
861 2713 1216 2792 crudelissimorum
1234 2712 1307 2792 ho·

161 2828 317 2904 minum
350 2854 420 2934 per
447 2826 529 2902 vim
561 2844 600 2903 et
630 2827 775 2904 caedem
808 2824 959 2931 arreptas
991 2826 1181 2931 potentis,
1210 2852 1309 2933 quos

159 2965 283 3015 unum
311 2938 352 3013 in
380 2937 513 3015 locum
539 2936 689 3015 sceleris
716 2936 919 3016 consensus
943 2937 1188 3028 convocavit,
1212 2964 1310 3015 con-

161 3051 271 3128 tinuo
292 3046 442 3154 respub.
464 3049 628 3127 dicenda
649 3048 710 3152 fit)
733 3050 840 3156 quod
868 3049 908 3125 in
936 3075 980 3124 ea
1003 3048 1050 3126 ad
1074 3047 1310 3156 exemplum

159 3161 306 3267 infigne
338 3161 383 3237 fit
415 3159 471 3237 nil
499 3160 645 3251 audivi,
674 3186 808 3267 parare
834 3161 921 3238 vitae
947 3158 1173 3251 commoda,
1207 3160 1311 3238 tueri

160 3293 283 3379 parta,
306 3272 346 3350 id
368 3271 529 3349 Naturae
556 3270 758 3364 debemus,
781 3297 857 3349 non
878 3269 994 3363 Arti3
1026 3270 1152 3349 aliena
1171 3269 1311 3349 libidi-

162 3382 251 3461 nose
277 3382 471 3473 invadere,
493 3381 563 3459 fibi
594 3401 734 3460 mutuo
766 3381 814 3460 ad
838 3382 1015 3490 rapinam
1040 3382 1192 3459 auxilio
1217 3381 1310 3474 esse,

160 3495 200 3571 in
221 3494 341 3572 scelus
361 3494 578 3598 conjurare,
592 3492 631 3570 id
652 3493 815 3572 Naturae
830 3493 1026 3601 pravitati.
1085 3492 1159 3595 Jus
1178 3494 1311 3600 quod·

161 3604 253 3682 darn
278 3605 383 3710 apud
410 3631 475 3682 eos
502 3622 729 3696 exercetur3
761 3631 833 3683 nec
862 3606 1037 3682 mirum:
1067 3622 1211 3681 caeterae
1230 3605 1313 3681 vir-

163 3735 264 3795 tutes
282 3713 396 3794 facile
417 3713 618 3820 fugantur,
639 3714 790 3817 justitia
810 3743 899 3793 vere
927 3716 1048 3821 regia,
1069 3713 1118 3791 ad
1145 3713 1202 3791 sui
1222 3715 1312 3793 cul-

163 3847 248 3907 tum
270 3826 455 3935 impellit,
476 3826 553 3904 fine
573 3854 650 3933 qua
670 3828 731 3905 vel
744 3825 993 3931 injustissrmae
1011 3823 1211 3904 societates
1230 3825 1313 3904 cito

161 3940 468 4018 dissolverentur.
511 3939 602 4017 Nec
618 3936 816 4016 omiserim
832 3956 978 4029 tamen,
993 3937 1197 4015 Saracenos
1214 3937 1314 4015 Tur-

161 4080 291 4132 carum
310 4049 598 4158 propemodum
615 4048 835 4128 conditores
856 4076 933 4126 non
946 4047 1315 4157 armismagisquam

162 4164 339 4242 bonarum
351 4162 547 4240 literarum
560 4160 718 4240 studiis
707 4162 920 4267 tmperium
935 4159 1047 4238 suum
1068 4159 1311 4268 propagasse

162 4274 277 4353 Sedfi
297 4274 570 4380 antiquitatem
584 4291 820 4378 repetamus,
835 4272 1080 4349 inveniemus
1101 4297 1179 4350 non
1200 4272 1315 4350 insti-

162 4406 263 4467 tutas
285 4385 405 4464 modo
424 4383 473 4463 ab
485 4385 598 4477 Arte,
612 4383 674 4463 sed
697 4381 878 4463 fundatas
897 4383 997 4462 olim
1018 4381 1130 4462 fuisse
1151 4381 1314 4493 respub-
