2956 4980
373 228 666 331 Prolufiones
691 222 930 330 Oratoriae.
1149 253 1232 360 463

80 411 259 502 tandem,
291 409 519 500 Auditores‚
550 435 644 489 cum
668 407 898 489 omnimoda
922 408 1041 490 semel
1068 412 1239 492 eruditio

79 525 170 603 suos
189 523 308 602 orbes
323 519 552 613 confecerit,
574 547 651 599 non
671 538 878 599 contentus
903 520 973 601 iste
999 522 1155 633 spiritus
1176 541 1237 604 te·

81 633 287 714 nebricoso
307 631 384 711 hoc
404 631 599 739 ergastulo
618 630 787 739 eousque
814 630 891 712 late
920 653 1011 741 aget
1037 634 1090 727 se,
1110 636 1237 714 donec
1281 653 1284 657 ’

84 764 127 826 et
157 745 289 855 ipsum
321 743 532 837 mundum,
560 763 601 823 et
630 743 731 822 ultra
761 743 878 849 longe
905 745 1038 824 divina
1067 746 1238 854 quadam

83 856 359 964 magnitudine
386 855 582 964 expatiatd
607 855 879 964 compleverit.
938 860 1049 937 Tum
1073 858 1238 937 demum

85 969 268 1079 plerique
288 968 397 1047 casus
416 987 534 1072 atque
554 985 714 1046 eventus
734 994 865 1045 rerum
885 967 940 1046 ita
961 967 1089 1047 subito
1109 996 1239 1049 emer·

87 1099 199 1188 gent,
226 1099 272 1160 ut
302 1080 354 1173 ei,
378 1080 449 1186 qui
474 1076 575 1156 hanc
605 1105 736 1158 arcem
762 1078 956 1186 sapientiae
981 1081 1144 1189 adeptus
1169 1080 1240 1175 est,

87 1190 193 1270 nihil
221 1218 322 1301 pene
352 1191 569 1284 incautum,
590 1187 692 1268 nihil
718 1187 927 1269 fortuitum
955 1191 997 1268 in
1019 1194 1100 1272 vita
1128 1192 1243 1301 possit

89 1303 290 1397 accidere;
312 1302 511 1382 videbitur
529 1301 616 1381 sane
636 1302 668 1380 is
688 1299 776 1393 esse,
793 1301 902 1406 cujus
922 1304 1091 1411 imperio
1111 1323 1151 1382 et
1169 1304 1241 1382 do·

88 1416 299 1494 minationi
318 1415 416 1493 astra
435 1413 722 1520 obtemperent,
745 1432 845 1491 terra
864 1432 904 1492 et
922 1441 1030 1492 mare
1051 1414 1241 1494 obsecun-

89 1527 200 1620 dent,
226 1528 335 1606 venti
368 1524 692 1636 tempestatesque
719 1526 923 1631 morigerae
954 1525 1048 1619 fint;
1079 1527 1144 1604 cui
1171 1528 1242 1605 de-

90 1638 213 1745 nique
234 1638 313 1746 ipsa
328 1640 470 1717 Parens
486 1637 641 1716 Natura
661 1638 701 1715 in
714 1637 956 1715 deditionem
971 1636 1007 1715 se
1023 1637 1240 1731 tradiderit,

92 1750 209 1858 plane
230 1778 275 1829 ac
295 1751 322 1828 sr
340 1751 428 1856 quis
448 1749 560 1827 Deus
580 1747 759 1827 abdicato
783 1748 923 1827 mundi
942 1749 1126 1855 imperio,
1147 1748 1242 1828 huic

86 1861 152 1965 jus
173 1861 268 1967 ejus,
283 1879 322 1939 et
334 1860 455 1968 leges,
468 1859 922 1966 administrationemque
940 1879 1125 1967 tanquam
1146 1888 1243 1969 prae-

94 1972 234 2051 scotori
273 1972 432 2051 cuidam
468 1969 730 2050 commififfet.
790 1971 887 2050 Huc
918 1992 1064 2080 quanta
1094 1972 1245 2052 accedit

94 2085 219 2162 animi
239 2085 434 2191 voluptas,
455 2088 525 2192 per
545 2109 682 2161 omnes
702 2083 882 2189 gentium
908 2082 1085 2163 historias
1104 2102 1144 2162 et
1159 2084 1246 2162 loca

95 2195 296 2303 pervolare
317 2197 566 2301 Regnorum,
594 2195 834 2287 Nationum,
856 2195 1046 2284 Urbium,
1068 2194 1244 2302 Populo-

97 2334 187 2385 rum
208 2306 325 2385 status
352 2305 664 2412 mutationesque
691 2305 739 2383 ad
767 2305 1031 2414 prudentiam,
1052 2324 1091 2384 et
1118 2331 1246 2383 mores

96 2419 431 2497 animadvertere:
464 2416 540 2495 hoc
560 2417 631 2509 est,
644 2417 871 2509 Auditores,
889 2418 999 2495 omni
1018 2418 1118 2494 aetati
1139 2416 1246 2524 quast

97 2531 210 2608 vivus
228 2528 417 2622 interesse,
434 2546 474 2606 et
485 2528 593 2607 velut
613 2528 729 2636 ipsius
746 2529 933 2634 temporis
951 2526 1053 2607 nasci
1068 2548 1248 2607 contem·

99 2667 318 2748 poraneus3
353 2638 530 2749 profesto
561 2667 655 2719 cum
687 2641 858 2718 nominis
892 2638 1010 2718 nostri
1041 2640 1174 2746 gloriae
1208 2640 1249 2718 in

101 2750 284 2830 futurum
311 2751 597 2859 prospeximus,
622 2749 699 2830 boc
724 2753 798 2830 erit
821 2750 870 2829 ab
895 2770 1006 2831 utero
1033 2752 1156 2830 vitam
1187 2778 1249 2831 re·

102 2880 164 2941 tro
184 2864 393 2943 extendere
413 2880 452 2942 et
471 2863 685 2969 porrigere,
706 2880 746 2940 et
766 2862 914 2941 nolenti
934 2862 1014 2942 sato
1033 2867 1249 2942 anteastam

102 2975 301 3081 quandam
324 2974 665 3053 immortalitatem
697 2992 945 3080 extorquere.
1004 2974 1131 3053 Mitto
1151 2974 1250 3052 illud

103 3086 170 3163 cui
201 3085 298 3192 quid
327 3085 454 3194 potest
484 3085 740 3192 aequiparari?
798 3084 1023 3163 Multarum
1055 3086 1250 3165 Gentium

103 3197 309 3276 oraculum
333 3196 422 3290 esse,
442 3197 609 3275 domum
638 3196 743 3304 quasi
772 3195 967 3303 templum
995 3194 1154 3289 habere,
1175 3196 1250 3276 effe

105 3335 204 3415 quos
225 3309 355 3414 Reges
387 3326 426 3387 et
447 3307 691 3415 Respublicae
720 3305 769 3385 ad
795 3306 832 3384 se
861 3309 1042 3399 invitent,
1061 3308 1171 3414 cujus
1190 3309 1252 3386 vi-

104 3418 212 3497 sendi
231 3418 356 3527 gratii
376 3418 615 3524 finitimique
641 3418 844 3525 exterique
863 3437 1109 3511 concurrant,
1130 3447 1252 3527 quern

106 3529 175 3609 alii
193 3532 257 3609 vel
283 3529 401 3609 semel
422 3528 554 3608 vidisse
579 3530 685 3636 quafi
711 3528 912 3637 quoddam
938 3528 1038 3608 bene
1063 3533 1252 3611 meritum

106 3640 347 3748 glorientur;
379 3639 460 3719 haec
475 3640 692 3718 studiorum
712 3641 886 3748 praemia,
903 3638 975 3719 hos
994 3638 1142 3721 fructus
1162 3672 1252 3723 eru-

108 3752 207 3831 ditio
228 3753 302 3831 suis
331 3751 546 3831 cultoribus
573 3752 612 3829 in
640 3753 790 3860 privata
807 3753 887 3830 vita
915 3752 1103 3860 praestare,
1123 3771 1162 3831 et
1181 3782 1253 3863 po-

108 3862 193 3955 test,
215 3882 255 3942 et
274 3862 369 3972 saepe
389 3861 496 3941 solet.
555 3864 613 3941 At
641 3863 737 3969 quid
764 3865 806 3941 in
834 3863 1019 3970 publica?
1079 3865 1177 3942 Sane
1204 3865 1252 3944 ad

109 3974 326 4080 Majestatis
346 3973 547 4081 fastigium
567 4001 711 4083 paucos
727 3975 858 4052 evexit
877 3973 959 4053 laus
973 3974 1169 4068 dodirinae,
1183 4003 1255 4056 nec

109 4086 315 4195 probitatis
350 4085 478 4165 multb
512 4085 656 4193 plures.
728 4086 952 4177 Nimirum,
984 4086 1044 4163 illi
1077 4087 1182 4194 apud
1216 4087 1253 4167 se
1297 4106 1301 4113 '

110 4225 233 4305 regno
253 4196 451 4291 fruuntur,
466 4198 577 4276 omni
599 4216 787 4276 terrarum
803 4196 951 4275 ditione
972 4197 1088 4302 longe
1108 4197 1255 4303 glorio·

111 4309 223 4388 fiori:
255 4310 402 4416 etquis
422 4309 500 4388 fine
517 4309 759 4401 ambitionis,
778 4306 942 4386 infamia
964 4310 1170 4415 geminum
1194 4309 1255 4389 af-

112 4419 231 4500 sestat
246 4448 410 4528 regnum
426 4422 439 4499 ?
464 4421 605 4500 addam
622 4419 698 4499 hoc
716 4439 846 4499 tamen
862 4419 1045 4528 amplius,
1057 4420 1155 4500 duos
1170 4438 1256 4501 tan·
