2956 4980
355 223 649 326 Prolufiones
674 232 912 327 Oratoriae.
1130 276 1156 350 4
1161 272 1212 356 57

60 433 183 514 quam
205 406 245 484 in
271 432 437 515 corpore
460 402 519 497 fit,
545 404 691 483 bonam
713 404 749 483 ei
775 404 1041 485 valetudinem
1060 409 1213 490 conser-

60 517 163 596 vdffe
192 518 347 598 erudito
375 535 416 594 et
444 515 595 594 liberali
624 517 719 596 otio.
778 517 903 597 Hunc
929 545 1004 625 ego
1031 521 1212 602 divinum

62 628 419 734 Hrfiodisomnum,
435 625 506 707 hos
522 630 730 707 nocturnos
745 627 978 738 Endymionis
988 658 1082 710 cum
1096 635 1210 714 Luna

63 740 286 849 congressus
300 739 373 820 effe
385 739 641 834 crediderim;
662 738 769 819 hunc
784 741 899 820 illum
911 743 1211 824 duceMercurio

66 853 282 934 Promethei
298 851 482 932 secessum
502 852 543 929 in
562 850 759 930 altiffimas
776 847 930 933 Montis
947 856 1106 960 Caucafl
1118 856 1212 936 soli·

64 966 221 1045 tudines
252 963 322 1045 ubi
351 963 650 1073 sapientiffimus
679 960 815 1042 Derim
849 983 966 1074 atque
1000 964 1211 1047 hominum

64 1078 197 1170 evafit,
215 1093 352 1186 utpote
371 1102 493 1185 quem
513 1073 593 1184 ipse
614 1074 777 1181 Jupiter
795 1075 844 1154 de
858 1077 1024 1188 Nuptiis
1046 1076 1213 1161 Thetidis

66 1188 286 1268 consultem
306 1186 371 1266 isse
384 1188 549 1267 dicatur.
591 1185 733 1266 Testor
752 1186 831 1295 ipse
845 1188 968 1283 lucos,
982 1191 1212 1288 etflumina,

66 1319 108 1380 et
121 1301 280 1381 dilectas
292 1298 476 1379 villarum
492 1298 634 1392 ulmos,
651 1297 719 1377 sub
735 1299 878 1405 quibus
890 1303 1015 1381 aestate
1030 1307 1212 1412 proxime

67 1413 260 1521 praeteriti
288 1412 333 1518 (fi
354 1413 533 1491 Dearum
552 1437 687 1490 arcana
707 1411 840 1519 eloqui
859 1411 991 1519 liceat)
1016 1414 1213 1496 summam

66 1551 162 1603 cum
187 1525 315 1604 Musrs
340 1523 508 1630 gratiam
535 1520 706 1602 habuiffe
733 1550 798 1601 me
816 1524 991 1628 jucunda
1021 1529 1213 1608 memoria

68 1637 225 1728 recolo;
255 1635 324 1715 ubi
344 1654 383 1714 et
402 1663 477 1742 ego
493 1637 595 1714 inter
615 1662 702 1713 rura
723 1651 762 1713 et
786 1634 952 1715 semotos
972 1637 1086 1718 saltus
1106 1640 1214 1719 velut

68 1748 227 1828 occulto
246 1775 326 1827 aevo
351 1747 520 1827 crescere
545 1743 646 1824 mibi
666 1747 830 1855 potuisse
849 1747 950 1828 visus
971 1748 1069 1828 sum.
1129 1752 1213 1831 Hic

68 1887 229 1969 quoque
261 1859 427 1939 eandem
463 1856 565 1938 mihi
599 1856 851 1937 delitescendi
884 1862 1041 1969 copiam
1075 1865 1213 1971 utique
1349 1946 1352 1951 ,

68 1972 287 2081 sperassem,
310 1971 380 2049 nisr
400 1969 673 2079 intempestive
697 1968 848 2079 prorsus
876 1971 1157 2081 interposuisset
1177 1974 1214 2054 se

68 2084 295 2193 importuna
327 2080 409 2163 haec
442 2083 599 2161 dicendi
634 2081 825 2175 molestia,
856 2111 943 2191 quae
980 2082 1030 2162 src
1063 2088 1215 2194 ingrate

69 2194 226 2275 arcebat
256 2195 378 2274 sacros
410 2194 579 2287 somn08,
611 2194 662 2273 fic
700 2194 806 2272 torlit
840 2196 1019 2274 animum
1053 2197 1094 2275 in
1129 2197 1214 2277 aliis

71 2306 263 2400 defixum,
285 2325 325 2387 et
343 2307 444 2385 inter
463 2325 674 2415 praeruptas
701 2305 863 2384 Artium
887 2306 1136 2389 difficultates
1164 2308 1215 2389 fic

70 2419 280 2527 impedivit
299 2435 338 2497 et
357 2420 465 2496 oneri
486 2417 576 2512 fuit,
595 2436 639 2496 ut
657 2443 732 2523 ego
751 2415 889 2496 amissa
909 2418 1020 2496 omni
1040 2418 1104 2529 spe
1124 2448 1215 2529 per-

72 2529 272 2638 sequendae
300 2530 443 2637 quietis
470 2530 629 2609 moestus
657 2528 830 2635 cogitare
859 2531 1064 2638 coeperim,
1095 2560 1216 2639 quam

70 2642 211 2751 procul
230 2642 398 2721 abessem
414 2640 462 2720 ab
479 2670 524 2721 ea
538 2641 818 2748 tranquillitate
831 2668 948 2747 quam
967 2640 1068 2721 mihi
1085 2643 1217 2752 primb

72 2754 215 2834 Literae
235 2753 537 2863 pollicebantur,
559 2754 740 2832 acerbam
768 2750 853 2833 sore
882 2755 983 2832 inter
1009 2751 1080 2833 hos
1107 2757 1219 2835 aestus

70 2885 111 2945 et
123 2865 352 2971 jadationes
368 2867 505 2958 vitam,
518 2865 632 2945 satius
652 2865 725 2943 else
741 2865 802 2942 vel
817 2863 952 2944 omnes
972 2866 1087 2946 Artes
1106 2867 1218 2946 dedi-

70 2977 214 3058 dicisse.
275 2979 413 3085 ltaque
433 2978 500 3055 vix
527 3005 691 3086 compos
719 2976 813 3069 mei,
835 2978 1087 3089 temerarium
1113 2981 1218 3087 coepi

69 3089 278 3169 confilium
311 3089 510 3168 laudandae
545 3088 790 3197 Ignorantiae,
811 3116 897 3196 quae
930 3086 1031 3168 nihil
1063 3090 1217 3198 prorsus

70 3198 234 3282 haberet
253 3198 395 3281 harum
417 3200 642 3295 turbarum;
674 3198 935 3309 proposuique
956 3201 997 3278 in
1015 3221 1215 3283 certamen

71 3332 160 3392 utra
178 3313 264 3394 suos
282 3312 451 3392 cultores
471 3312 662 3393 beatiores
677 3312 856 3391 redderet
870 3313 946 3391 Ars
962 3339 1011 3391 an
1028 3314 1218 3419 ignoran-

73 3426 154 3504 tia?
214 3425 360 3506 Nescio
380 3425 476 3532 quid
496 3425 564 3519 est,
586 3424 713 3504 noluit
731 3451 796 3503 me
821 3450 958 3502 meum
977 3424 1053 3503 five
1074 3423 1216 3520 fatum,

75 3536 152 3616 five
180 3537 321 3644 genius
347 3537 395 3617 ab
425 3538 582 3643 incepto
601 3536 810 3615 Musarum
838 3562 971 3616 amore
996 3536 1218 3635 discedere;

77 3650 162 3728 imo
190 3667 231 3728 et
258 3650 339 3758 ipsa
366 3676 465 3729 caeca
491 3648 568 3727 sors
597 3665 786 3755 tanquam
812 3647 1023 3756 derepente
1051 3652 1221 3758 prudens

74 3761 361 3869 providensque
382 3759 484 3839 satta
503 3758 580 3839 hoc
595 3760 703 3839 idem
720 3759 881 3840 noluisse
896 3761 976 3840 visa
992 3762 1073 3855 est;
1106 3764 1222 3842 citius

72 3873 259 3981 opinione
280 3873 368 3952 med
388 3872 613 3979 Ignorantia
632 3871 746 3951 suum
774 3875 886 3949 natta
911 3871 967 3949 est
994 3889 1220 3980 patronum,

76 3983 179 4064 mihi
198 3986 275 4065 Ars
296 3985 529 4092 relinquitur
548 3981 804 4063 defendenda.
865 3982 1031 4061 Gaudeo
1058 3982 1144 4065 sane
1171 3987 1221 4067 fic

74 4095 233 4177 illusum
254 4126 334 4191 me,
350 4124 422 4176 nec
437 4125 502 4175 me
519 4097 640 4206 pudet
652 4097 714 4175 vel
734 4118 875 4174 caecam
888 4094 1106 4174 Fortunam
1119 4098 1221 4179 mihi

77 4208 281 4289 restituisse
316 4208 474 4304 oculos;
506 4206 582 4288 hoc
616 4207 675 4286 illi
711 4207 871 4286 nomine
904 4207 1046 4313 gratias
1079 4205 1220 4292 habeo.

76 4321 171 4427 Jam
197 4320 332 4401 saltem
364 4320 474 4400 illam
502 4320 657 4400 laudare
684 4319 790 4412 licet,
819 4317 930 4424 cujus
958 4320 1006 4399 ab
1035 4324 1223 4432 amplexu

75 4431 248 4514 divulsus
267 4461 391 4528 eram,
411 4453 450 4513 et
479 4432 585 4540 quasr
605 4430 769 4512 absentis
792 4431 1026 4512 defiderium
1047 4432 1222 4517 sermone
1315 4425 1319 4431 ¹
