2956 4980
167 221 224 304 94
569 188 695 283 Artis
721 189 940 319 Logicae'
1089 179 1217 281 Lib.
1250 222 1291 277 r.

169 356 334 439 ferentia
352 357 489 441 formae
520 358 669 441 fruetus
699 360 780 442 est:
810 380 850 441 et
875 360 946 440 nisi
970 359 1013 440 in
1039 386 1174 441 rerum
1198 357 1324 439 colla-

168 472 291 566 tione,
312 501 399 582 quae
427 475 466 552 in
486 474 715 554 definitione
739 473 848 554 nulla
874 472 944 567 est,
965 500 1044 552 non
1063 490 1252 582 apparet;
1283 489 1323 549 et

168 582 297 663 forma
311 584 392 694 ipsa
409 585 465 665 est
479 588 583 666 unde
600 587 793 696 praecipua
812 614 944 665 rerum
964 585 1178 694 explicatio
1197 582 1322 662 sumi-

168 714 257 790 tur;
288 699 532 807 praecipuum
552 726 647 806 ergo
667 699 709 778 in
728 698 954 779 definitione
973 697 1108 777 locum
1127 693 1264 775 habet.

223 811 358 917 Atque
371 808 448 890 hoc
464 810 585 890 modo
599 809 785 892 definitur
799 809 937 903 homo,
949 808 1095 888 animal
1110 806 1319 889 rationale:

168 948 312 1030 nempe
339 949 498 1029 genere,
518 924 670 1015 animal,
698 923 971 1030 intelligimus
1000 940 1044 1000 ut
1068 921 1224 1000 dietum
1251 918 1321 1012 est,

167 1032 369 1113 essentiam
388 1062 618 1144 corpoream
634 1035 792 1145 plenam
808 1036 894 1114 vitae
909 1052 950 1113 et
967 1031 1109 1126 sensus,
1125 1059 1214 1141 quae
1234 1058 1321 1112 ma-

168 1145 281 1224 teries
301 1143 475 1227 hominis
501 1147 570 1240 est,
592 1166 632 1227 et
656 1175 743 1257 pars
770 1145 930 1227 formae:
960 1145 1027 1226 cui
1053 1145 1080 1223 si
1107 1143 1226 1224 addas
1251 1173 1319 1223 ra-

167 1256 317 1351 tionale,
337 1276 462 1339 totam
481 1259 653 1340 formam
673 1257 847 1339 hominis
870 1253 1196 1369 comprehendes,
1216 1255 1320 1348 vitae,

169 1368 311 1463 sensus,
332 1372 491 1451 rationis
510 1370 709 1452 facultate.

226 1482 246 1561 Ι
250 1501 364 1589 taque
377 1483 550 1593 perfetta
561 1483 720 1591 definitio
734 1479 829 1561 nihil
842 1480 950 1561 aliud
964 1479 1024 1589 est,
1037 1476 1148 1589 qudm
1164 1479 1321 1559 univer·

154 1591 241 1699 sole
244 1592 445 1702 symbolum
461 1595 656 1704 causarum
670 1592 850 1706 effentiam
865 1593 925 1674 rei
939 1610 976 1674 et
993 1611 1172 1673 naturam
1190 1590 1321 1701 consti·

165 1706 364 1786 tuentium.

224 1817 344 1897 Tales
367 1816 613 1899 definitiones
642 1817 728 1898 sunt
754 1819 912 1898 artium.
971 1816 1247 1896 Grammatica
1265 1813 1321 1893 est

166 1956 226 2009 ars
245 1928 344 2009 bene
365 1929 567 2037 loquendi.
609 1929 824 2010 Rhetorica
843 1929 1127 2009 benedicendi.
1169 1928 1319 2034 Logica

166 2040 267 2120 bene
302 2043 572 2123 ratiocinandi.
632 2040 898 2122 Arithmetica
932 2041 1032 2120 bene
1066 2040 1316 2121 numerandi.

167 2155 398 2235 Geometria
416 2153 516 2234 bene
537 2155 742 2234 metiendi.
794 2154 905 2234 Nam
924 2180 1066 2261 genere
1085 2182 1153 2232 arr
1172 2150 1317 2232 intelli-

164 2267 296 2373 gimus
312 2287 598 2376 praeceptorum
613 2267 750 2346 ordine
766 2265 1039 2375 dispositorum
1054 2262 1316 2374 comprehen-

164 2378 327 2472 fionem,
341 2406 427 2487 quae
442 2382 624 2460 materies
636 2379 692 2458 est
706 2377 891 2486 cujusque
907 2377 998 2457 artis
1010 2394 1051 2456 et
1064 2405 1151 2486 pars
1165 2375 1315 2469 formae,

164 2489 241 2569 five
261 2488 389 2570 forma
408 2491 646 2583 communis,
668 2492 733 2570 cui
759 2491 786 2570 fi
805 2490 921 2570 addas
940 2488 1112 2569 formam
1130 2488 1315 2596 cujusque

162 2602 254 2680 artis
283 2604 483 2711 propriam
511 2603 615 2712 (quae
641 2601 762 2683 finem
787 2630 946 2712 quoque
974 2600 1043 2682 sub
1070 2601 1107 2680 se
1130 2628 1315 2708 compre-

163 2712 316 2808 hendit,
330 2734 374 2794 ut
389 2716 541 2795 dietum
554 2712 712 2824 est'cap.
728 2715 786 2822 8.)
809 2713 928 2794 habes
945 2732 1068 2795 totam
1083 2715 1176 2794 artis
1192 2712 1315 2793 effen·

163 2826 258 2906 tiam
280 2826 533 2935 explicatam,
554 2855 641 2935 quae
659 2826 831 2936 perfecta
850 2824 1027 2906 definitio
1047 2825 1115 2905 est.

217 2939 284 3019 Ad
311 2939 465 3048 regulas
492 2938 775 3047 consequentiae
805 2940 912 3048 quod
942 2939 1094 3031 attinet,
1123 2964 1270 3048 nempe
1295 2933 1318 3015 l

163 3050 390 3132 definitione
422 3052 471 3133 ad
505 3052 739 3147 definitum;
785 3069 825 3130 et
856 3047 1004 3145 contri,
1033 3049 1227 3130 affirmate
1256 3049 1317 3129 vel

161 3161 327 3269 negatd3
358 3164 440 3245 haec
467 3166 602 3244 omnia
627 3163 897 3272 reciprocatio,
919 3190 1004 3271 quae
1031 3161 1317 3243 distributionis

162 3301 321 3383 quoque
342 3276 434 3371 fuit,
455 3277 543 3357 satis
562 3274 666 3357 clare
684 3277 753 3356 suo
772 3275 861 3356 loco
880 3273 1074 3384 exposuit.

392 3666 517 3746 CAP.
540 3667 700 3747 XXXI.
732 3669 797 3747 De
816 3664 1086 3777 Descriptione.

342 3839 591 3920 Efinitiones
624 3838 805 3947 perfecte
843 3857 1003 3948 propter
1037 3837 1244 3920 causarum
1278 3860 1320 3922 et

334 3997 338 4012 .
385 3951 594 4060 praesertim
631 3951 849 4031 formarum
884 3950 1176 4047 obscuritatem,
1208 3952 1319 4032 diffi-

335 4132 348 4159 ,
384 4063 479 4143 ciles
504 4064 666 4143 inventu
690 4063 800 4144 sunt:
831 4063 881 4142 ad
903 4063 1164 4173 supplendam
1189 4065 1319 4172 igitur

224 4196 246 4211 ”
274 4192 285 4208 ¹
385 4201 522 4254 earum
543 4177 756 4270 raritatem,
778 4173 970 4285 descriptio
989 4176 1147 4256 inventa
1166 4176 1239 4257 est.

219 4283 433 4394 Descriptio
451 4287 499 4395 est
517 4286 676 4393 definitio
695 4286 925 4397 imperfiiia,
945 4317 992 4368 ex
1008 4288 1095 4369 aliis
1118 4289 1232 4370 etiem
1246 4316 1317 4371 ar·

156 4395 343 4505 gementis
361 4428 437 4479 rem
455 4398 637 4506 definiens.
685 4401 733 4480 Id
751 4399 822 4495 est,
834 4428 885 4481 ex
905 4400 1105 4510 quibusvis
1123 4400 1211 4483 aliis
1229 4428 1315 4483 rem

160 4539 323 4619 quoquo
343 4511 464 4591 modo
484 4511 697 4622 explicans.
