2956 4980
194 210 313 341 Cap.
343 250 411 334 33.
518 211 707 312 Plenior
733 210 981 312 Institutio
1242 261 1317 341 ¹03

214 384 287 464 Bis
305 384 481 466 vendeul
494 388 708 483 mulblram,
728 387 828 470 binos
846 390 918 469 alit
937 389 1046 470 ubere
1049 390 1177 498 fetus
1176 390 1204 502 )

215 496 400 606 Depone:
419 516 465 578 tu
483 497 556 595 dic,
575 529 713 581 mecum
732 530 800 611 quo
812 501 970 611 pignore
988 521 1118 583 certes.

219 632 394 740 Corfiffio
413 633 463 742 cst
483 636 550 716 vel
569 634 703 729 libera,
730 637 768 716 in
792 666 866 745 qua
893 635 1056 743 cujusvis
1083 638 1317 747 testimonium

152 761 227 853 pro
241 746 292 851 se
309 745 519 852 leufflmum
534 766 668 828 contra
679 747 727 854 se
738 748 992 856 gravifflmum
1010 751 1189 856 cerffetur.
1251 752 1324 830 Vel

158 857 208 964 est
226 856 394 967 exprffr
412 859 618 953 tormentis,
638 890 723 970 quae
732 862 887 970 propri>
905 861 1051 969 quaestio
1066 861 1221 943 dicitur.

214 969 320 1048 Tale
340 966 418 1050 fuit
435 991 717 1079 argumentum
736 992 872 1052 contra
888 973 1079 1068 Milonem,
1095 972 1232 1084 quode}
1250 973 1317 1053 Ci-

158 1108 290 1160 cerone
308 1079 530 1163 deridetur:
553 1084 646 1192 quia
660 1085 855 1164 cruciatus
871 1111 949 1163 non
964 1083 1098 1194 saepius
1111 1088 1317 1167 veritatem

157 1188 283 1299 quiam
303 1194 557 1275 mendacium
586 1197 776 1303 exprimit
805 1215 921 1303 atque
949 1216 1170 1304 extorquet.
1229 1201 1318 1304 Age

157 1302 266 1396 verb,
287 1333 371 1413 quae
388 1324 475 1386 crat
490 1323 561 1386 aut
579 1306 699 1416 qualis
718 1305 898 1415 quaestiol
928 1310 1046 1400 Heus,
1067 1308 1133 1388 ubi
1149 1307 1317 1416 Ruscioi

159 1414 229 1494 ubi
242 1414 397 1522 Casca?
423 1417 573 1498 Clodius
590 1417 845 1526 irfidiasfecit
861 1417 1036 1498 Miloni?
1063 1419 1191 1511 Fecit;
1212 1438 1318 1500 certa

160 1555 275 1606 crum
337 1528 601 1636 Nullasficit.
662 1530 826 1638 Sparata
844 1529 1009 1613 libertas.

218 1641 313 1718 Huc
338 1641 449 1720 etr‘am
477 1641 619 1750 referri
637 1643 754 1751 potest
777 1659 1049 1748 argumentum,
1079 1671 1148 1750 quo
1179 1640 1320 1720 utimur

158 1747 246 1830 crim
264 1748 520 1856 affirmationis
538 1752 669 1861 nostrae
686 1752 981 1864 approbationem
999 1771 1036 1833 et
1060 1752 1320 1862 experientiam

157 1861 379 1969 adverstario
390 1865 638 1974 proponimus.

225 1975 337 2054 Verr.
350 2002 393 2078 4.
427 1978 565 2087 Ecquis
573 1977 750 2071 Volcatio,
749 1976 794 2082 ſs
796 1974 875 2083 fica
880 1973 1014 2086 sponte
1028 1975 1194 2087 veniffiess
1211 2005 1321 2056 unam

160 2082 324 2166 libellam
350 2087 530 2199 dediffl’t?
563 2089 693 2169 veniat
719 2117 832 2184 nunc,
862 2087 1107 2199 experiatur:
1138 2092 1232 2169 tello
1257 2118 1320 2168 re-

161 2197 278 2306 cipiet
295 2228 407 2280 nemo.

241 2324 248 2337 '
444 2312 608 2392 Terent.
630 2310 817 2392 Eunuch.

278 2470 393 2486 --
412 2425 494 2504 Fac
505 2424 713 2534 periculum
732 2422 770 2503 in
789 2423 924 2517 literis,
972 2509 980 2526 .

282 2535 364 2615 Fac
383 2536 422 2615 in
434 2534 629 2644 palaestra,
650 2535 687 2615 in
706 2534 848 2641 muſscir
858 2566 871 2627 ,·
893 2563 976 2644 quae
995 2532 1148 2614 liberum

282 2647 388 2728 Scire
406 2676 550 2756 aequum
568 2648 617 2757 est
633 2645 899 2752 adolescentem,
905 2646 1080 2751 solertem
1096 2645 1199 2726 dabo.

453 2771 575 2850 Ovid.
601 2798 639 2877 3.
669 2771 790 2850 Trist.
867 2829 871 2846 2

225 2880 336 2990 Quod
347 2881 467 2990 magis
485 2900 528 2962 ut
547 2882 701 2992 liqueat,
721 2912 813 2963 neue
832 2884 898 2963 lroc
916 2912 978 2990 ego
984 2882 1137 2990 fingere
1156 2878 1290 2963 credar

283 2993 365 3102 lpst
382 2993 492 3074 velim
505 3011 638 3102 penas
655 2993 849 3104 experiare
867 3024 977 3074 meos.

162 3116 452 3229 Jup’urandum
471 3117 581 3198 etiam
600 3116 835 3225 testimonium
854 3116 914 3224 est.

454 3253 585 3364 Qale
606 3252 661 3331 est
680 3250 828 3333 AEneid.
850 3279 890 3356 9.

229 3366 311 3443 Per
315 3363 487 3473 stuperos,
507 3363 770 3472 etstquafides
787 3359 1003 3469 telluresub
1023 3363 1097 3442 imo
1114 3361 1176 3469 est,

222 3477 389 3569 Invitus,
410 3474 554 3583 regina,
574 3494 638 3556 tua
656 3475 699 3556 de
718 3475 843 3555 littore
862 3474 952 3579 off.

230 3613 424 3720 Qamvis
448 3629 582 3692 autem
606 3613 647 3691 iu
665 3611 898 3717 juramentis
922 3611 1103 3690 divinum
1128 3609 1323 3719 quodam·

167 3725 293 3807 modo
317 3725 586 3804 testimonium
613 3724 830 3816 invocetur,
844 3721 1060 3827 juramenti
1079 3742 1212 3801 tamen
1228 3721 1322 3801 fides

168 3834 407 3919 authoritate
428 3855 467 3915 et
487 3835 663 3915 moribus
675 3834 842 3941 jurantis
862 3834 1013 3917 nititur.

229 3947 485 4055 Recc'procatio
503 3949 565 4028 htc
583 3945 769 4053 obscurior
795 3944 844 4053 est
866 3944 920 4025 ad
934 3973 1011 4024 rem
1029 3942 1212 4051 testatam,
1232 3942 1329 4052 quod

168 4059 220 4168 est
238 4059 299 4138 bic
313 4058 474 4138 alterum
492 4076 750 4165 argumentum
767 4057 967 4166 officim
988 4073 1031 4136 ut
1049 4056 1137 4166 quia
1154 4057 1325 4165 testatum

169 4169 381 4275 verumſst,
400 4169 562 4277 testcrſst
579 4171 691 4251 etiam
709 4161 844 4250 virax.

232 4283 291 4361 Ut
310 4301 445 4362 autem
464 4310 543 4361 non
565 4282 687 4362 suavi
714 4281 999 4373 testimonium,
1027 4278 1091 4358 sed
1117 4280 1324 4358 auetoritas
1458 4356 1462 4361 .

174 4392 280 4473 testis
298 4394 429 4502 arguit
448 4422 534 4474 rem
550 4394 749 4486 testatam
772 4393 825 4472 ita
838 4392 1002 4472 viciffim
1020 4419 1079 4470 res
1095 4389 1228 4469 testata
1245 4417 1324 4470 non

175 4507 306 4614 arguit
327 4506 454 4617 ipsum
477 4506 760 4598 testimonium,
783 4504 844 4583 sed
865 4502 1145 4583 authoritatem
1167 4501 1283 4582 testis.
