2956 4980
287 232 522 362 Scriptum
549 233 693 325 Dom.
723 231 1012 324 Protestoris.
1146 247 1224 352 367

74 403 335 484 satisfactione
357 404 436 483 ulla
455 425 523 483 aut
542 404 714 482 vindicta
734 403 871 482 nostris
896 402 995 501 fieri,
1022 403 1228 485 srexcludi

75 545 147 596 nos
162 545 300 597 omnes
319 518 368 595 ab
388 516 553 595 illatam
573 516 713 623 insigni
734 514 837 594 orbis
853 533 1043 594 terrarum
1061 536 1185 625 parte,
1203 518 1230 596 fi

75 628 265 709 infestum
292 647 410 737 atque
443 629 703 708 inveteratum
731 624 883 706 hostem
916 626 1091 707 nostrum
1115 629 1228 738 (pace

74 740 288 850 praesertim
313 769 407 819 cum
428 740 627 820 Batavis
610 768 696 845 Jam
721 737 876 845 sabla)
865 759 1042 846 ingentes
1069 741 1156 820 illos
1179 741 1228 820 ab

79 852 316 933 Occidentali
329 852 440 932 India
461 849 673 944 thesauros,
694 851 837 959 quibus
857 851 1084 960 praesentia
1072 881 1229 933 incom-

76 967 197 1045 moda
221 964 356 1044 sarcire
386 963 514 1073 pollit,
546 963 673 1043 nostra
695 991 791 1071 pace
813 964 980 1043 domum
1007 964 1226 1073 deportare,

77 1078 214 1184 resque
235 1078 319 1156 suas
339 1076 379 1154 in
395 1106 489 1156 eum
509 1075 637 1154 rursus
652 1075 785 1154 locum
802 1076 1001 1154 restituere
1018 1078 1229 1184 patiemur,

77 1188 158 1297 qub
184 1190 349 1268 eandem
374 1189 519 1267 iterum
542 1188 656 1295 possit
680 1187 1003 1266 deliberationem
1028 1188 1229 1296 suscipere,

78 1329 201 1409 quam
220 1328 321 1380 anno
348 1299 449 1406 1588
474 1298 625 1393 habuit,
658 1300 793 1378 Utrum
806 1298 943 1408 fuifflt
966 1300 1163 1406 confirltins
1181 1301 1236 1381 ad

76 1411 350 1523 recuperandas
370 1412 497 1518 Belgii
507 1410 722 1518 foederatas
744 1411 961 1519 provincias
990 1412 1135 1492 initim
1150 1412 1229 1519 fa-

77 1553 160 1604 cere
182 1524 231 1604 ab
250 1523 414 1631 Anglia,
439 1554 489 1603 an
517 1522 565 1603 ab
594 1522 668 1602 illis
696 1522 749 1602 ad
760 1521 1003 1629 fitbigendam
1023 1524 1228 1631 Angliam,

79 1636 344 1744 proculdubib
365 1663 444 1714 non
473 1637 603 1714 minus
628 1635 770 1713 multas
797 1634 924 1714 immo
948 1635 1079 1744 plures
1102 1636 1231 1717 causas

79 1747 336 1855 excogitabit,
361 1776 432 1826 cur
451 1749 581 1857 potius
600 1745 648 1826 ab
668 1746 815 1853 Anglia
835 1748 997 1826 initium
1017 1747 1061 1826 fit
1082 1746 1229 1827 facien-

78 1861 202 1939 dum:
236 1866 371 1972 Qem
393 1858 514 1938 finem
535 1878 579 1936 ut
606 1857 851 1965 assequantur
875 1859 956 1938 ullo
982 1880 1159 1968 tempore
1185 1889 1231 1939 ea

79 1972 251 2066 confilia,
278 1973 433 2053 srDeus
452 1973 714 2080 permitteret,
742 1974 947 2078 expeetare
973 1971 1115 2051 meritb
1142 1974 1231 2110 pps·

80 2084 223 2177 semus,
244 2084 346 2162 utin
368 2111 437 2162 nos
457 2084 620 2192 primm,
649 2084 690 2160 in
710 2110 846 2162 omnes
867 2085 1036 2191 denique
1062 2082 1231 2165 ubicrin·

80 2222 158 2302 que
189 2195 457 2305 protestantes,
487 2212 716 2274 exerceatur
740 2195 847 2302 quod
876 2194 993 2274 restat
1017 2197 1232 2277 occidionis

80 2308 186 2387 illius
215 2307 515 2401 immaniffimae,
546 2334 668 2415 quam
699 2304 835 2384 fratres
862 2307 1024 2385 nostri
1013 2335 1054 2386 in
1079 2308 1233 2417 Alpinis

81 2418 247 2499 vallibus
266 2419 360 2548 paffi
379 2447 505 2547 nuper
522 2417 631 2498 sunt:
653 2447 753 2526 quae,
775 2418 802 2496 fi
822 2416 983 2497 illorum
1000 2418 1232 2499 miserorum

82 2531 197 2610 editis
217 2532 473 2640 querimoniis
492 2529 805 2611 orthodoxorum
824 2531 1064 2609 credendum
1085 2531 1143 2625 srt,
1163 2562 1233 2641 per

82 2642 170 2722 illos
190 2641 431 2736 fraterculos,
452 2642 708 2722 miflionarios
727 2670 825 2751 quos
847 2661 1001 2736 vocant,
1017 2643 1233 2751 Hstanicae

82 2754 179 2833 aulae
191 2755 358 2834 consiliis
375 2754 525 2834 intimis
538 2752 747 2834 informata
768 2751 952 2863 primitits
971 2782 1017 2833 ac
1036 2756 1232 2864 defignata

83 2884 178 2945 erat.

139 2977 218 3058 His
234 2977 418 3058 omnibus
438 2977 725 3069 animadversis,
740 2975 936 3105 speramns
951 2978 1114 3084 quidem
1133 2974 1231 3071 fore,

83 3108 128 3168 ut
146 3117 282 3170 omnes
296 3090 433 3218 Angli,
444 3087 665 3216 praesertim
686 3088 835 3179 finceri,
858 3090 1025 3196 privatas
1049 3087 1233 3169 adversus

81 3200 119 3281 se
139 3201 312 3281 mutub
302 3200 527 3280 inimicitias
547 3200 759 3328 deppfituri
779 3200 866 3292 srnt,
894 3199 1044 3307 suisque
1064 3203 1234 3310 propriis

82 3313 303 3393 commodis
322 3315 453 3420 potius
474 3313 738 3391 renunciaturi
757 3339 877 3419 quam
897 3332 1057 3441 propter
1076 3314 1232 3421 cupidi-

84 3444 206 3505 tatem
226 3424 341 3516 lucri,
361 3423 493 3504 haud
481 3442 536 3503 rta
557 3423 688 3516 multi,
714 3451 763 3502 ex
784 3426 1011 3503 mercaturis
1040 3425 1117 3504 illis
1137 3423 1235 3506 saci-

83 3537 175 3616 endi
215 3536 339 3646 (quod
378 3564 456 3615 non
501 3535 570 3614 nifi
617 3533 829 3614 inhonestis
867 3536 1157 3617 conditionibus
1196 3558 1236 3618 et

83 3649 378 3755 quodammodo
399 3647 590 3757 improbis
610 3651 752 3755 parari,
766 3666 805 3725 et
825 3646 980 3728 aliunde
1002 3651 1121 3728 etiam
1143 3651 1233 3759 sup-

84 3761 251 3870 peditari
281 3760 442 3888 poterit)
483 3759 700 3838 multorum
728 3758 1026 3839 adolescentiam
1057 3765 1235 3867 negotia-

83 3890 217 3952 torum
236 3874 399 3965 animas,
427 3872 548 3950 exiis
576 3872 866 3951 conditionibus
895 3872 1038 3978 quibus
1066 3898 1172 3950 nunc
1192 3876 1233 3952 in

85 3982 273 4093 Hispania
303 3985 553 4091 negotiantur
583 4000 624 4061 et
654 3982 816 4088 degunt,
856 3981 1011 4060 summo
1042 3984 1234 4092 periculo,

85 4095 196 4176 sicuti
220 4095 385 4189 faciunt,
410 4094 615 4200 objecturi,
636 4094 837 4199 vitamque
865 4112 904 4172 et
928 4091 1101 4174 fortunas
1127 4097 1235 4176 mul-

85 4227 219 4287 torum
238 4208 279 4286 in
300 4209 481 4287 America
501 4205 668 4284 fratrum
690 4205 999 4312 Christianorum,
1027 4205 1142 4310 hujus
1165 4210 1236 4287 de-

84 4320 204 4427 nique
238 4320 405 4399 nationis
446 4319 563 4397 totius
602 4318 665 4422 agi
704 4317 1033 4396 existimationem
1068 4318 1235 4427 passuri;

85 4431 273 4541 quodque
293 4432 563 4539 graviffimum
587 4429 656 4521 est,
688 4429 826 4507 oblatis
852 4428 921 4506 fibi
941 4458 962 4507 a
980 4432 1061 4510 Deo
1081 4431 1128 4509 ad
1149 4432 1238 4538 glo-
