2956 4980
162 261 241 340 310
388 217 551 312 Literae
578 212 771 311 Oliverii
792 215 1087 311 Protedtoris.

165 392 306 500 infigni
332 391 462 500 aliqua
491 393 653 471 victoria
676 390 955 497 gratulandum
985 390 1043 470 fit.
1103 389 1222 468 Hanc
1250 416 1308 468 re-

166 501 441 597 centissimam,
469 523 508 583 et
532 505 652 612 Reip.
680 503 812 582 vestrae
833 530 955 610 quam
982 502 1159 581 maxime
1190 500 1311 580 laetam

167 636 284 723 atque
305 635 570 723 opportunam
589 616 786 742 cupimus,
806 634 846 693 et
868 613 976 721 quod
999 613 1311 721 glorioliffimurn

168 726 237 820 est,
272 727 566 833 Christianorum
592 728 775 806 omnium
806 724 875 805 sub
913 727 1037 805 Turca
1067 724 1315 804 servientium

169 865 291 946 quam
323 839 498 917 maxime
528 838 804 918 liberatricem
865 838 1121 917 Nominatim
1152 835 1316 914 Thomam

175 951 264 1030 Gal
260 950 357 1029 leum
383 954 504 1042 navis,
524 951 590 1030 cui
616 976 762 1029 nomen
787 950 859 1029 The
880 952 936 1029 Re
936 947 1014 1055 af
1035 949 1135 1028 olim
1158 945 1318 1055 praefec-

173 1081 274 1189 tum,
302 1060 510 1140 Serenitati
528 1061 662 1169 vssrae
683 1090 729 1141 ac
750 1060 917 1153 Senatui,
939 1061 1090 1139 tametfi
1114 1086 1196 1138 non
1219 1086 1320 1138 nunc

172 1174 364 1281 primum,
386 1199 490 1251 nunc
512 1191 642 1252 tamen
667 1200 714 1250 eo
738 1168 939 1265 libentius,
958 1199 1038 1279 quo
1061 1171 1194 1250 latiori
1222 1190 1320 1250 tem·

173 1311 284 1421 pore,
290 1285 639 1419 quinquennalem
659 1285 861 1391 captivum
880 1283 1220 1363 commendamus.
1274 1281 1320 1361 Ei

174 1423 268 1474 cum
288 1423 310 1473 a
290 1392 469 1474 vobis'
458 1416 696 1506 tmperatum
715 1394 821 1488 effet,
838 1413 882 1474 ut
896 1421 990 1473 cum
1009 1421 1099 1473 navt
1088 1394 1186 1472 sua
1204 1394 1319 1501 Reip.

174 1506 304 1586 vestrae
337 1535 497 1615 operam
529 1526 699 1600 navaret,
732 1506 832 1586 solus
866 1534 960 1585 cum
983 1507 1118 1585 multis
1148 1503 1322 1584 hostium

178 1619 401 1698 triremibus
421 1618 657 1726 congressus,
679 1617 883 1697 nonnullas
901 1617 1094 1725 depreffit,
1116 1645 1322 1724 magnam-

175 1758 252 1856 que
285 1729 452 1837 stragem
482 1731 628 1822 edidit;
660 1729 818 1808 tandem
848 1728 1050 1809 combusti
1077 1729 1166 1808 navi
1191 1748 1324 1856 captus

177 1842 237 1919 vir
268 1840 393 1931 fortis,
430 1841 558 1949 deque
596 1844 735 1920 Veneta
766 1843 862 1950 Rep.
898 1859 978 1919 tam
1014 1839 1114 1921 bene
1146 1843 1325 1931 meritus,

176 1953 392 2059 quintum]
397 1980 462 2031 am
483 1981 631 2032 annum
652 1955 691 2031 in
712 1951 851 2032 misera
869 1950 1051 2032 servitute
1067 1949 1326 2031 Barbarorum

178 2064 300 2170 degit.
362 2061 481 2141 Unde
501 2064 538 2142 se
558 2065 725 2143 redimat
744 2061 977 2144 facultatum
996 2061 1096 2143 nihil
1122 2063 1204 2156 est;
1237 2090 1327 2141 nam

177 2174 368 2283 quicquid
394 2194 490 2267 erat,
518 2172 595 2254 id
581 2204 604 2253 a
630 2174 848 2280 Celſstudine
871 2175 996 2284 vestra
1019 2194 1058 2254 et
1083 2177 1240 2268 Senatu,
1268 2172 1328 2252 vel

179 2288 286 2364 navis
306 2285 370 2364 vel
393 2287 588 2366 bonorum
610 2286 672 2365 vel
697 2286 878 2395 stipendii
903 2288 1063 2365 nomine
1088 2286 1231 2365 debere
1261 2286 1328 2365 fibi

178 2397 360 2476 ostendit.
419 2395 574 2478 Verhm
594 2417 638 2477 ut
658 2396 860 2478 facultates
880 2425 957 2477 non
977 2396 1169 2493 deeffent3
1201 2396 1329 2476 hostes

181 2529 313 2587 tamen
340 2536 418 2586 non
443 2512 517 2588 alia
543 2510 630 2616 lege
659 2508 879 2589 dimiffuros
903 2509 939 2588 se
963 2537 1057 2588 eum
1081 2509 1329 2617 profitentur,

180 2647 301 2725 quam
332 2619 359 2697 s1
384 2619 542 2699 suorum
563 2621 718 2728 aliquia,
739 2623 809 2729 qui
829 2622 906 2699 illis
926 2621 964 2698 in
988 2624 1113 2729 pretio
1133 2619 1242 2728 aeque
1270 2621 1330 2712 fit,

181 2749 442 2838 permutetur.
505 2732 681 2811 Petimus
713 2734 843 2840 itaque
876 2758 1114 2841 magnopere
1146 2731 1169 2810 a
1202 2731 1333 2839 Vestra

180 2862 297 2950 atque
329 2844 487 2922 Senatus
518 2842 738 2949 Celfitudine
752 2842 990 2949 strenifflma,
1022 2846 1122 2951 petit
1156 2871 1228 2952 per
1261 2870 1332 2921 nos

181 2954 297 3033 senex
326 2954 579 3048 miserrimus,
600 2956 746 3062 captivi
773 2974 898 3064 pater,
920 2957 1097 3035 moeroris
1117 2974 1157 3034 et
1176 2952 1333 3060 lachry-

184 3094 339 3145 marum
370 3066 523 3195 plenus,
557 3094 643 3174 quae
673 3094 741 3146 nos
770 3067 932 3175 quidem
962 3084 1257 3173 permoverunt,
1290 3084 1334 3144 ut

183 3175 360 3284 primum
381 3181 586 3306 quoniam
590 3206 639 3258 ex
660 3196 720 3256 tot
745 3178 936 3286 prosperis
957 3178 1096 3287 praeliis
1118 3176 1334 3258 Terrarum

185 3308 290 3367 tanta
315 3292 428 3397 copia
456 3308 661 3398 captorum
691 3290 800 3368 vobis
827 3290 896 3383 est,
927 3317 1047 3369 unam
1076 3289 1252 3397 aliquem
1283 3317 1335 3367 ex

183 3427 230 3476 eo
251 3426 431 3493 numero,
453 3428 573 3507 quern
596 3401 654 3480 illi
673 3401 881 3508 accipiant,
897 3399 1049 3480 hostem
1064 3401 1190 3480 vestro
1204 3401 1335 3479 milite

183 3507 405 3603 fortiffimo‚
438 3512 567 3590 nostro
597 3512 697 3603 cive,
723 3510 820 3592 senis
846 3513 1077 3591 moestiffimi
1107 3512 1189 3590 filio
1216 3513 1336 3590 unico

183 3641 428 3700 commutare
452 3623 593 3700 velitis.
654 3622 826 3716 Deinde,
848 3643 892 3703 ut
914 3623 1021 3732 quod
1047 3623 1245 3733 stipendii,
1271 3623 1336 3701 vel

185 3734 269 3812 aliis
284 3732 510 3811 nominibus
527 3731 626 3842 ipfi
613 3762 634 3811 a
651 3734 754 3843 Rep.
772 3735 950 3827 debetur,
968 3735 1007 3815 id
1022 3731 1336 3841 quamprimum

185 3843 311 3923 velitis
344 3845 445 3953 patri
475 3864 542 3926 aut
575 3847 817 3954 procuratori
847 3845 964 3955 ipfius
995 3846 1337 3925 annumerandum

184 3983 331 4033 curare.
393 3956 521 4034 Priori
555 3956 717 4064 quidem
752 3977 889 4063 rogatu
922 3958 1066 4050 nostro,
1101 3957 1165 4036 vel
1203 3958 1338 4065 potius

183 4066 362 4174 aequitate
393 4068 514 4147 vestri
543 4066 730 4146 effectum
758 4066 829 4161 est,
859 4088 903 4149 ut
933 4069 1062 4149 statim
1091 4098 1132 4148 re
1160 4069 1337 4174 cognita,

185 4176 406 4288 putatisque
431 4179 643 4257 rationibus
671 4179 929 4259 constitutum
954 4180 1046 4260 effet
1068 4180 1165 4289 quid
1192 4179 1339 4258 debea-

184 4313 271 4371 tur.
302 4318 441 4369 verum
461 4288 575 4370 illum
590 4290 922 4398 supputationem,
940 4292 1169 4401 urgentibus
1182 4288 1339 4370 fortaffe

184 4403 270 4481 aliis
291 4403 473 4509 negotiis,
496 4404 601 4482 nulla
623 4402 762 4482 solutio
783 4403 909 4485 secuta
929 4405 998 4484 est.
1059 4405 1183 4484 Nunc
1204 4403 1337 4482 miseri
