2956 4980
10 204 12 209 ⁵
99 240 309 373 Cap-15·
417 241 605 341 Plenior
631 241 878 341 Institutio,
1143 258 1217 363 163

61 416 331 513 concluditur,
371 420 534 501 tertium
572 441 851 528 argumentum
894 419 1006 529 plura
1044 419 1220 531 opposita

62 528 383 640 comprehendit,
407 560 493 641 quae
520 536 655 613 omnia
689 535 729 612 in
762 533 1020 641 assumptione
1047 532 1220 611 tollenda

63 642 166 740 sunt,
185 662 231 722 ut
245 644 403 752 quaestio
417 647 689 726 concludatur:
713 674 805 725 nam
819 645 1085 754 oppositorum
1106 644 1220 753 plura

10 850 12 861 Ι
64 754 181 835 simul
196 756 384 836 affirmari
400 777 615 865 nequeunt,
632 761 766 865 negari
785 757 898 865 plura
919 757 1033 836 fimul
1052 775 1216 864 queunt.

10 864 12 877 '
119 869 186 948 Sic
208 870 291 949 Cic.
307 870 460 974 judicat
478 870 678 951 Rabirium
698 900 778 951 cum
802 869 1003 976 corficlibus
1025 867 1089 977 effi
1114 887 1218 977 opor-

65 981 124 1059 tur'
146 1009 181 1061 e.
213 983 301 1061 Aut
320 982 513 1064 enimcum
532 982 747 1088 corficlibus,
768 1001 836 1062 aut
855 981 1137 1088 cumseditiofis,
1148 998 1218 1061 aut

64 1090 235 1203 latufffe:
265 1112 309 1174 at
328 1122 393 1174 nec
412 1124 494 1175 cum
503 1094 821 1204 fiditiostsfuiffe,
841 1124 906 1175 nec
925 1094 1087 1204 latuiffe3
1098 1095 1175 1202 fui
1199 1123 1218 1173 e

64 1232 148 1314 ergo
169 1234 253 1287 cum
272 1207 485 1314 cotfielibur.
547 1209 624 1288 Pro
644 1207 781 1289 Rabir.
836 1208 964 1316 Atqui
978 1206 1142 1286 videmus
1160 1207 1217 1286 ait

64 1318 140 1398 laec
159 1318 199 1399 in
218 1348 345 1400 rerum
363 1338 507 1401 natura
524 1319 742 1429 triafuiffe,
764 1337 807 1399 ut
825 1337 895 1398 aut
913 1349 995 1399 cum
1012 1319 1217 1399 Saturnino

65 1428 157 1539 ‘ffl'tr
178 1449 250 1513 aut
268 1461 350 1512 cum
369 1431 481 1527 bonai,
501 1452 572 1512 aut
590 1435 740 1515 lateret.
800 1434 944 1511 Latere
962 1450 1098 1526 autem,
1118 1460 1216 1511 mor-

23 1638 26 1643 ,
66 1542 112 1621 tir
128 1562 216 1624 erat
235 1544 353 1652 itssar
370 1544 583 1653 turptffimae
595 1579 609 1625 :
639 1576 721 1626 cum
743 1544 947 1624 Saturnino
966 1542 1044 1652 effi,
1060 1544 1217 1651 furoris

69 1670 101 1732 et
104 1653 287 1761 sceleris3
307 1657 435 1738 virtus
452 1676 490 1737 et
503 1658 664 1766 honestas
684 1676 720 1738 et
732 1655 856 1768 pudor
875 1686 956 1738 cum
975 1655 1055 1765 cqff.
1072 1656 1137 1767 ff
1155 1686 1215 1737 co·

69 1766 187 1871 gebat.
248 1770 466 1878 Propositio
494 1799 565 1880 per
601 1772 638 1851 se
667 1771 770 1851 clara
799 1768 868 1848 est.
929 1768 1215 1877 Assumptionis

76 1898 191 1984 partes
210 1880 517 1991 prosyllogismis
538 1883 791 1976 illustrantur,
809 1883 941 1990 primo
957 1878 978 1959 a
994 1881 1124 1976 fimili,
1145 1883 1215 1961 de-

77 1988 154 2071 inde
172 1993 221 2073 ab
242 1995 446 2100 adjunctis.
506 1997 717 2076 Conclusio
741 1993 1038 2104 prosyllogismo
1062 1995 1110 2072 ab
1130 1995 1215 2073 effi-

81 2102 189 2184 ciente
210 2106 437 2186 illustratur.
1098 2157 1100 2161 >

125 2216 356 2298 Notandum
373 2219 482 2298 estin
498 2216 575 2300 hoc
591 2221 711 2300 modo
726 2247 802 2299 non
818 2220 871 2299 ita
882 2219 991 2324 exigi
1007 2217 1214 2327 specialem

84 2331 427 2425 contradictionem,
445 2351 489 2411 ut
508 2333 549 2411 in
570 2333 752 2440 reliquis3
776 2359 902 2440 neque
923 2331 1032 2409 enim
1051 2331 1099 2408 ad
1117 2358 1214 2409 eon-

85 2433 269 2547 sequentiae
295 2443 558 2524 neceffitatem
586 2447 756 2554 pertinet
780 2446 821 2523 in
847 2443 924 2523 hoc
948 2442 1082 2535 modo,
1109 2459 1154 2521 ut
1173 2443 1214 2520 in

82 2551 237 2662 reliquis,
267 2554 329 2635 sed
362 2557 410 2635 ad
442 2556 711 2666 assumptionis
744 2556 860 2636 solius
891 2556 1111 2635 veritatem.
1173 2556 1214 2634 Si

10 2690 13 2705 '
78 2680 157 2771 ergo
176 2668 384 2777 assumptio
405 2669 628 2775 generalem
649 2670 999 2749 contradictionem
1020 2666 1120 2747 ferre
1140 2696 1214 2776 po-

73 2776 147 2873 test,
167 2808 238 2889 per
255 2780 572 2889 consequentiam
594 2781 729 2861 licebit
749 2783 830 2860 uti:
860 2783 908 2861 ad
927 2779 1211 2888 consequentiae

65 2891 169 2971 enim
189 2894 382 2973 rationem
398 2893 553 2988 sufficit,
569 2895 737 2974 alterum
756 2895 894 3002 quovis
914 2894 1035 2972 modo
1052 2893 1152 2985 tolli,
1170 2911 1214 2970 ut

57 3000 261 3111 reliquum
279 3006 550 3100 concludatur,
574 3008 791 3113 eademque
811 3006 1008 3085 conclusio
1028 3006 1115 3097 erit,
1137 3004 1211 3081 s1ve

52 3098 235 3215 specialis
265 3117 340 3197 slve
369 3120 560 3226 generalis
589 3120 630 3198 in
665 3119 924 3228 ass‘umptione
954 3117 1211 3196 contradictio

48 3209 195 3321 fuerit,
215 3230 256 3308 in
275 3229 397 3313 altero
410 3231 506 3311 vero
525 3232 644 3310 modo
665 3230 771 3310 secus
791 3232 879 3324 erit,
901 3229 970 3310 ubi
990 3228 1210 3308 contradic-

45 3332 118 3418 tio
136 3343 177 3420 in
198 3341 320 3453 ipsam
337 3344 627 3425 conclufionem
646 3345 764 3423 eadit.

134 3729 260 3809 cAP.
283 3731 400 3811 XVI.
461 3733 525 3813 De
545 3731 751 3840 Syllogffmo
770 3730 948 3837 dipundio
957 3728 1131 3835 stcundo.

69 3929 88 4013 j
100 3921 182 4045 '9313
238 3906 638 4014 'Isjunblusstcundus
657 3908 676 3985 l
688 3906 927 4014 proposttione
939 3903 1116 4014 partibus
1135 3933 1210 3983 om-

109 4069 127 4099 »
156 4008 232 4229 ἓν
283 4020 390 4101 nibus
414 4020 604 4128 affirmata
632 4016 778 4126 afflernit
812 4047 923 4097 unum
956 4037 993 4096 et
1029 4017 1210 4127 reliquum

68 4028 82 4055 t
124 4011 156 4133 ἦ

63 4198 80 4230 Χ,
108 4112 168 4242 ᾖ,
194 4202 240 4277 (²
282 4133 393 4213 tolli.

69 4274 70 4278 ¹
94 4251 136 4283 ·”’
167 4252 200 4280 ‘⁹
344 4245 531 4327 Secundus
549 4244 730 4335 efficitur,
756 4241 848 4350 quia
868 4241 1000 4320 minus
1019 4241 1211 4348 generalis

52 4354 109 4435 est
132 4358 279 4464 primo,
310 4375 447 4467 utpote
478 4356 782 4467 proprietatibus
808 4353 1043 4462 quibusdam
1075 4353 1208 4432 astric-

53 4488 130 4563 tus,
161 4469 305 4577 quibus
335 4471 441 4581 prior
471 4470 660 4549 immunis
692 4484 786 4546 erat.
848 4466 1108 4574 Proprietates
1137 4490 1208 4542 au·
