2956 4980
188 222 310 355 Cap.
336 264 401 349 17.
512 224 701 324 Plenior
727 179 994 326 Institutio,
1231 265 1305 348 173

271 452 373 533 Hac
389 453 484 534 mihi
498 454 733 562 didiastmel,
753 455 841 536 totis
857 454 1177 564 haerentiasastsi,

270 564 335 643 Ne
337 564 477 671 seriem
496 596 622 648 rerum
627 567 800 675 scindere
818 596 946 675 cogar,
966 584 1092 646 erunt.

215 735 399 817 Oratores
411 737 450 818 in
456 739 645 847 proaemio,
660 739 891 832 narratione,
908 739 1192 846 confirmatione,
1200 759 1311 851 pero-

155 846 301 927 ratione
318 849 416 930 hunc
433 849 592 932 ordinem
611 852 806 962 affidiant,
826 879 974 960 eumque
990 852 1088 931 artis
1106 870 1143 933 et
1161 872 1313 937 natura

157 975 194 1038 et
210 959 274 1040 rei
287 959 448 1043 ordinem
464 965 667 1074 appellant,
682 983 719 1044 et
734 963 917 1044 interdum
923 962 1119 1074 studiostus
1133 965 1311 1075 affectan-

158 1086 236 1152 tur.

219 1184 272 1265 Ut
302 1184 344 1264 in
374 1213 537 1282 verrem,
560 1187 690 1269 Cicero
723 1186 901 1298 primhm
935 1191 1191 1299 proponendo
1224 1210 1311 1271 tum

158 1298 375 1404 partiendo.
434 1300 602 1409 Qeaestor
613 1302 745 1409 'inquit
761 1304 832 1382 Cn.
848 1301 1012 1410 Papyrio
1031 1302 1099 1410 coſs
1105 1302 1225 1410 fussi
1239 1304 1307 1383 ab·

158 1407 242 1490 hinc
255 1440 369 1490 annos
382 1413 669 1520 quatuordecim,
684 1432 722 1494 et
736 1443 782 1492 ex
797 1413 863 1493 illa
878 1410 934 1491 die
945 1412 1000 1493 ad
1011 1415 1106 1495 hanc
1118 1414 1209 1494 diem
1228 1445 1312 1525 qua
1340 1428 1342 1433 ’

141 1520 288 1630 secssi,
308 1524 347 1603 in
361 1522 547 1628 judicium
573 1554 675 1619 voco,
696 1529 771 1606 &c
833 1526 1050 1634 Propofitio
1071 1524 1137 1605 htc
1156 1545 1195 1606 et
1214 1526 1312 1606 defi-

158 1633 255 1715 nitio
273 1635 435 1723 summae
450 1639 507 1717 rei
526 1637 596 1732 est,
617 1657 804 1746 tanquam
820 1638 860 1717 in
877 1635 953 1717 hoc
966 1637 1118 1743 judicio
1132 1640 1309 1744 general-

160 1744 299 1828 iffimo.
362 1749 527 1830 Partitio
556 1749 754 1858 sequitur:
785 1750 828 1829 ln·
842 1749 940 1857 fiant
964 1750 1067 1843 anni,
1092 1753 1167 1830 &c
1195 1779 1312 1861 quare

159 1859 237 1940 hac
254 1858 377 1940 eadem
395 1860 470 1941 erit
487 1862 771 1972 quadripartita
796 1860 1001 1971 distributio
1027 1861 1142 1943 totius
1159 1864 1313 1972 accusa-

159 1972 266 2052 tionis
282 2001 384 2054 meae.
437 1977 547 2085 Qus
567 1993 694 2084 partes
713 1994 882 2083 quatuor
901 1969 1116 2083 eanquue
1135 1976 1309 2085 partium

160 2084 366 2193 particulas
385 2085 570 2197 deinceps
585 2087 652 2167 suo
668 2113 868 2194 quamque
888 2084 1023 2166 ordine
1042 2107 1082 2167 et
1102 2087 1190 2167 loco
1211 2106 1312 2170 trac-

162 2214 228 2292 tat,
242 2215 283 2276 et
297 2198 585 2280 tranfitionibus
599 2201 777 2309 copulat3
800 2219 876 2279 tres
890 2198 1037 2308 primas
1054 2200 1168 2279 tertio
1182 2200 1284 2281 libro
1298 2235 1308 2299 ;

161 2329 199 2389 et
216 2309 268 2389 fic
286 2310 485 2420 deinceps.

213 2424 315 2503 Hac
342 2422 464 2530 igitur
489 2423 528 2503 in
553 2422 676 2503 variis
702 2420 897 2502 axiomatis
919 2422 1137 2527 homogeneis
1152 2420 1226 2527 suo
1251 2427 1318 2505 vel

149 2531 350 2642 syllogffmi
360 2532 504 2640 judicio
528 2536 622 2615 notis
643 2534 827 2615 methodus
849 2533 936 2627 erit,
961 2534 1098 2643 quoties
1116 2533 1311 2645 perspicui

161 2675 216 2725 res
234 2645 392 2726 docenda
409 2647 496 2726 erit.

213 2761 276 2838 At
293 2757 377 2840 cim
394 2756 628 2839 delectatione
640 2758 787 2839 motdve
805 2758 926 2867 aliquo
945 2756 1082 2862 majm
1100 2757 1148 2839 ab
1166 2778 1313 2842 oratore

162 2871 285 2978 quovis
303 2889 372 2951 aut
383 2888 509 2980 poeta,
522 2888 567 2950 ut
581 2868 791 2979 quibuscum
810 2872 924 2976 vulgo
939 2870 1153 2977 potiffimum
1169 2902 1229 2951 res
1247 2873 1309 2982 est,

161 2981 339 3064 ducendus
357 2984 431 3065 erit
448 2982 612 3076 auditor,
633 2982 767 3091 crypsts
784 2981 943 3063 methodi
944 2982 1037 3091 fer>
1051 2981 1309 3077 adhibebitur,-

161 3094 368 3203 homogenea
391 3095 558 3206 quadam
584 3093 816 3201 rejicientur,
837 3113 881 3174 ut
899 3093 1158 3201 definitionum,
1180 3097 1312 3205 parti-

161 3207 309 3302 tionum,
328 3207 655 3318 trarfitionsimque
673 3207 826 3287 lumina.
885 3204 1064 3313 Quadam
1083 3206 1311 3316 affumentur

160 3318 406 3428 heterogenea,
426 3321 533 3400 velut
560 3318 783 3427 digrffones
807 3317 833 3397 ὰ
857 3349 913 3412 re,
933 3336 970 3398 et
996 3318 1034 3399 in
1053 3349 1094 3400 re
1113 3349 1311 3402 commora-

159 3432 282 3512 tiones.
344 3436 399 3513 Et
411 3433 604 3541 praecinui
623 3460 749 3511 rerum
767 3430 853 3511 ordo
872 3431 1097 3511 invertetur.

213 3545 291 3624 Sed
309 3544 526 3626 oratoribus
554 3563 594 3623 et
620 3545 745 3653 poetis
773 3544 838 3622 sua
864 3540 1044 3623 methodi
1072 3545 1170 3625 ratio
1191 3546 1310 3624 relin-

159 3657 315 3764 quenda
328 3658 408 3755 est;
429 3658 492 3775 vel
512 3657 648 3737 saltem
668 3656 728 3751 iis,
742 3657 812 3766 qui
832 3657 1042 3736 oratoriam
1057 3676 1097 3736 et
1112 3659 1310 3767 poeticam

158 3771 315 3851 docent.
