<?xml version="1.0" encoding="UTF-8"?>
<!DOCTYPE html PUBLIC "-//W3C//DTD XHTML 1.0 Transitional//EN"
    "http://www.w3.org/TR/xhtml1/DTD/xhtml1-transitional.dtd">
<html xmlns="http://www.w3.org/1999/xhtml" xml:lang="en" lang="en">
 <head>
  <title>
</title>
<meta http-equiv="Content-Type" content="text/html;charset=utf-8" />
  <meta name='ocr-system' content='tesseract 3.04.00' />
  <meta name='ocr-capabilities' content='ocr_page ocr_carea ocr_par ocr_line ocrx_word'/>
</head>
<body>
  <div class='ocr_page' id='page_1' title='image "./worksjohnmilton06miltgoog_0217.png"; bbox 0 0 2956 4980; ppageno 0'>
   <div class='ocr_carea' id='block_1_1' title="bbox 168 202 1082 354">
    <p class='ocr_par' dir='ltr' id='par_1_1' title="bbox 168 202 1082 354">
     <span class='ocr_line' id='line_1_1' title="bbox 168 202 1082 354; baseline 0.004 -37"><span class='ocrx_word' id='word_1_1' title='bbox 168 264 247 318; x_wconf 88' lang='lat'>202</span> <span class='ocrx_word' id='word_1_2' title='bbox 370 202 376 214; x_wconf 40' lang='lat'><strong>⁹</strong></span> <span class='ocrx_word' id='word_1_3' title='bbox 406 225 569 321; x_wconf 88' lang='lat' dir='ltr'>Literae</span> <span class='ocrx_word' id='word_1_4' title='bbox 594 231 786 323; x_wconf 88' lang='lat' dir='ltr'>Senatus</span> <span class='ocrx_word' id='word_1_5' title='bbox 812 219 1082 354; x_wconf 85' lang='lat' dir='ltr'>Anglicani.</span> 
     </span>
    </p>
   </div>
   <div class='ocr_carea' id='block_1_2' title="bbox 122 396 1318 1628">
    <p class='ocr_par' dir='ltr' id='par_1_2' title="bbox 122 396 1318 1516">
     <span class='ocr_line' id='line_1_2' title="bbox 165 396 1318 507; baseline 0.004 -31"><span class='ocrx_word' id='word_1_6' title='bbox 165 424 325 507; x_wconf 94' lang='lat' dir='ltr'>quoque</span> <span class='ocrx_word' id='word_1_7' title='bbox 342 396 469 478; x_wconf 88' lang='lat' dir='ltr'>studio</span> <span class='ocrx_word' id='word_1_8' title='bbox 493 397 535 476; x_wconf 92' lang='lat' dir='ltr'>in</span> <span class='ocrx_word' id='word_1_9' title='bbox 556 398 703 490; x_wconf 84' lang='lat' dir='ltr'>nostros</span> <span class='ocrx_word' id='word_1_10' title='bbox 722 415 972 490; x_wconf 85' lang='lat' dir='ltr'>mercatores,</span> <span class='ocrx_word' id='word_1_11' title='bbox 992 396 1168 505; x_wconf 85' lang='lat' dir='ltr'>aliosque</span> <span class='ocrx_word' id='word_1_12' title='bbox 1186 400 1318 481; x_wconf 76' lang='lat' dir='ltr'>nostre</span> 
     </span>
     <span class='ocr_line' id='line_1_3' title="bbox 166 509 1316 619; baseline 0.003 -29"><span class='ocrx_word' id='word_1_13' title='bbox 166 509 324 619; x_wconf 84' lang='lat' dir='ltr'>Reipub.</span> <span class='ocrx_word' id='word_1_14' title='bbox 343 509 462 589; x_wconf 93' lang='lat' dir='ltr'>Cives</span> <span class='ocrx_word' id='word_1_15' title='bbox 476 509 702 617; x_wconf 81' lang='lat' dir='ltr'>Hetruscam</span> <span class='ocrx_word' id='word_1_16' title='bbox 717 509 911 588; x_wconf 89' lang='lat' dir='ltr'>ditionem</span> <span class='ocrx_word' id='word_1_17' title='bbox 927 528 1194 618; x_wconf 85' lang='lat' dir='ltr'>peragrantes,</span> <span class='ocrx_word' id='word_1_18' title='bbox 1213 513 1316 592; x_wconf 85' lang='lat' dir='ltr'>Sere·</span> 
     </span>
     <span class='ocr_line' id='line_1_4' title="bbox 164 620 1314 731; baseline 0.003 -29"><span class='ocrx_word' id='word_1_19' title='bbox 164 622 265 702; x_wconf 88' lang='lat' dir='ltr'>nitas</span> <span class='ocrx_word' id='word_1_20' title='bbox 290 624 343 701; x_wconf 89' lang='lat' dir='ltr'><em>V</em></span> <span class='ocrx_word' id='word_1_21' title='bbox 325 620 420 729; x_wconf 78' lang='grc' dir='ltr'>βνα</span> <span class='ocrx_word' id='word_1_22' title='bbox 445 621 646 702; x_wconf 90' lang='lat' dir='ltr'>consuevit</span> <span class='ocrx_word' id='word_1_23' title='bbox 669 620 793 716; x_wconf 84' lang='lat' dir='ltr'>effe,</span> <span class='ocrx_word' id='word_1_24' title='bbox 782 649 823 700; x_wconf 81' lang='lat' dir='ltr'>tn</span> <span class='ocrx_word' id='word_1_25' title='bbox 847 649 895 701; x_wconf 92' lang='lat' dir='ltr'>eo</span> <span class='ocrx_word' id='word_1_26' title='bbox 924 620 1022 702; x_wconf 91' lang='lat' dir='ltr'>velit</span> <span class='ocrx_word' id='word_1_27' title='bbox 1049 620 1314 731; x_wconf 82' lang='lat' dir='ltr'>perseverare:</span> 
     </span>
     <span class='ocr_line' id='line_1_5' title="bbox 165 733 1314 866; baseline 0.003 -52"><span class='ocrx_word' id='word_1_28' title='bbox 165 734 312 843; x_wconf 90' lang='lat' dir='ltr'>nosque</span> <span class='ocrx_word' id='word_1_29' title='bbox 327 734 493 814; x_wconf 88' lang='lat' dir='ltr'>viciffim</span> <span class='ocrx_word' id='word_1_30' title='bbox 511 733 748 866; x_wconf 87' lang='lat' dir='ltr'>pollicemur</span> <span class='ocrx_word' id='word_1_31' title='bbox 763 751 882 842; x_wconf 91' lang='lat' dir='ltr'>atque</span> <span class='ocrx_word' id='word_1_32' title='bbox 902 734 1131 844; x_wconf 83' lang='lat' dir='ltr'>recipimus,</span> <span class='ocrx_word' id='word_1_33' title='bbox 1147 736 1259 844; x_wconf 92' lang='lat' dir='ltr'>quod</span> <span class='ocrx_word' id='word_1_34' title='bbox 1273 736 1314 817; x_wconf 87' lang='lat' dir='ltr'>ad</span> 
     </span>
     <span class='ocr_line' id='line_1_6' title="bbox 166 843 1314 969; baseline 0.003 -42"><span class='ocrx_word' id='word_1_35' title='bbox 166 849 450 927; x_wconf 84' lang='lat' dir='ltr'>Parlamentum</span> <span class='ocrx_word' id='word_1_36' title='bbox 470 848 622 941; x_wconf 86' lang='lat' dir='ltr'>attinet,</span> <span class='ocrx_word' id='word_1_37' title='bbox 642 843 744 925; x_wconf 91' lang='lat' dir='ltr'>nihil</span> <span class='ocrx_word' id='word_1_38' title='bbox 761 843 1007 969; x_wconf 86' lang='lat' dir='ltr'>defuturum,</span> <span class='ocrx_word' id='word_1_39' title='bbox 1023 847 1133 956; x_wconf 93' lang='lat' dir='ltr'>quod</span> <span class='ocrx_word' id='word_1_40' title='bbox 1148 868 1190 928; x_wconf 93' lang='lat' dir='ltr'>et</span> <span class='ocrx_word' id='word_1_41' title='bbox 1208 876 1314 930; x_wconf 87' lang='lat' dir='ltr'>corn·</span> 
     </span>
     <span class='ocr_line' id='line_1_7' title="bbox 165 958 1315 1069; baseline 0.004 -32"><span class='ocrx_word' id='word_1_42' title='bbox 165 958 315 1038; x_wconf 91' lang='lat' dir='ltr'>mercio</span> <span class='ocrx_word' id='word_1_43' title='bbox 334 977 374 1038; x_wconf 90' lang='lat' dir='ltr'>et</span> <span class='ocrx_word' id='word_1_44' title='bbox 392 958 576 1039; x_wconf 84' lang='lat' dir='ltr'>amicitiae</span> <span class='ocrx_word' id='word_1_45' title='bbox 593 976 753 1052; x_wconf 84' lang='lat' dir='ltr'>mutuae,</span> <span class='ocrx_word' id='word_1_46' title='bbox 769 962 855 1066; x_wconf 88' lang='lat' dir='ltr'>quae</span> <span class='ocrx_word' id='word_1_47' title='bbox 870 958 972 1037; x_wconf 92' lang='lat' dir='ltr'>inter</span> <span class='ocrx_word' id='word_1_48' title='bbox 984 976 1194 1069; x_wconf 89' lang='lat' dir='ltr'>utramque</span> <span class='ocrx_word' id='word_1_49' title='bbox 1211 962 1315 1042; x_wconf 86' lang='lat' dir='ltr'>Gen-</span> 
     </span>
     <span class='ocr_line' id='line_1_8' title="bbox 166 1068 1316 1183; baseline 0.004 -34"><span class='ocrx_word' id='word_1_50' title='bbox 166 1088 249 1150; x_wconf 91' lang='lat' dir='ltr'>tem</span> <span class='ocrx_word' id='word_1_51' title='bbox 254 1097 340 1176; x_wconf 76' lang='lat' dir='ltr'>Jam</span> <span class='ocrx_word' id='word_1_52' title='bbox 354 1068 447 1150; x_wconf 81' lang='lat' dir='ltr'>dib</span> <span class='ocrx_word' id='word_1_53' title='bbox 437 1071 679 1164; x_wconf 87' lang='lat' dir='ltr'>1nveteravit,</span> <span class='ocrx_word' id='word_1_54' title='bbox 690 1069 889 1151; x_wconf 88' lang='lat' dir='ltr'>firmandae</span> <span class='ocrx_word' id='word_1_55' title='bbox 899 1096 944 1150; x_wconf 92' lang='lat' dir='ltr'>ac</span> <span class='ocrx_word' id='word_1_56' title='bbox 958 1070 1197 1153; x_wconf 81' lang='lat' dir='ltr'>stabiliendae</span> <span class='ocrx_word' id='word_1_57' title='bbox 1209 1073 1316 1183; x_wconf 81' lang='lat' dir='ltr'>polilt</span> 
     </span>
     <span class='ocr_line' id='line_1_9' title="bbox 165 1182 1314 1292; baseline 0.004 -31"><span class='ocrx_word' id='word_1_58' title='bbox 165 1182 409 1276; x_wconf 87' lang='lat' dir='ltr'>conducere,</span> <span class='ocrx_word' id='word_1_59' title='bbox 438 1209 560 1290; x_wconf 91' lang='lat' dir='ltr'>quam</span> <span class='ocrx_word' id='word_1_60' title='bbox 578 1182 742 1291; x_wconf 93' lang='lat' dir='ltr'>quidem</span> <span class='ocrx_word' id='word_1_61' title='bbox 761 1182 947 1263; x_wconf 91' lang='lat' dir='ltr'>omnibus</span> <span class='ocrx_word' id='word_1_62' title='bbox 966 1185 1152 1292; x_wconf 86' lang='lat' dir='ltr'>utrinque</span> <span class='ocrx_word' id='word_1_63' title='bbox 1176 1183 1314 1266; x_wconf 87' lang='lat' dir='ltr'>huma·</span> 
     </span>
     <span class='ocr_line' id='line_1_10' title="bbox 167 1294 1315 1424; baseline 0.006 -51"><span class='ocrx_word' id='word_1_64' title='bbox 167 1295 298 1374; x_wconf 86' lang='lat' dir='ltr'>nitatis</span> <span class='ocrx_word' id='word_1_65' title='bbox 323 1295 477 1388; x_wconf 87' lang='lat' dir='ltr'>officiis,</span> <span class='ocrx_word' id='word_1_66' title='bbox 485 1296 714 1424; x_wconf 72' lang='lat' dir='ltr'>mutuique</span> <span class='ocrx_word' id='word_1_67' title='bbox 737 1294 1026 1389; x_wconf 67' lang='lat' dir='ltr'>observantia,</span> <span class='ocrx_word' id='word_1_68' title='bbox 1014 1324 1056 1375; x_wconf 93' lang='lat' dir='ltr'>1n</span> <span class='ocrx_word' id='word_1_69' title='bbox 1079 1318 1315 1408; x_wconf 87' lang='lat' dir='ltr'>perpetuum</span> 
     </span>
     <span class='ocr_line' id='line_1_11' title="bbox 122 1405 957 1516; baseline 0.001 -30"><span class='ocrx_word' id='word_1_70' title='bbox 122 1421 125 1425; x_wconf 85' lang='grc'><strong>’</strong></span> <span class='ocrx_word' id='word_1_71' title='bbox 165 1405 385 1486; x_wconf 88' lang='lat' dir='ltr'>conservari</span> <span class='ocrx_word' id='word_1_72' title='bbox 402 1408 601 1516; x_wconf 89' lang='lat' dir='ltr'>cupimus,</span> <span class='ocrx_word' id='word_1_73' title='bbox 621 1427 739 1516; x_wconf 89' lang='lat' dir='ltr'>atque</span> <span class='ocrx_word' id='word_1_74' title='bbox 758 1425 957 1516; x_wconf 86' lang='lat' dir='ltr'>optamus</span> 
     </span>
    </p>

    <p class='ocr_par' dir='ltr' id='par_1_3' title="bbox 255 1519 1037 1628">
     <span class='ocr_line' id='line_1_12' title="bbox 255 1519 1037 1628; baseline -0.001 -29"><span class='ocrx_word' id='word_1_75' title='bbox 255 1520 325 1599; x_wconf 92' lang='lat' dir='ltr'><em>W</em></span> <span class='ocrx_word' id='word_1_76' title='bbox 305 1519 575 1628; x_wconf 81' lang='lat' dir='ltr'>stmonasterro</span> <span class='ocrx_word' id='word_1_77' title='bbox 632 1544 684 1599; x_wconf 90' lang='lat'>20</span> <span class='ocrx_word' id='word_1_78' title='bbox 705 1520 897 1627; x_wconf 83' lang='lat' dir='ltr'>Januarii</span> <span class='ocrx_word' id='word_1_79' title='bbox 918 1521 965 1600; x_wconf 89' lang='lat'>16</span> <span class='ocrx_word' id='word_1_80' title='bbox 971 1545 1037 1626; x_wconf 79' lang='lat'>51</span> 
     </span>
    </p>
   </div>
   <div class='ocr_carea' id='block_1_3' title="bbox 385 1630 1315 1840">
    <p class='ocr_par' dir='ltr' id='par_1_4' title="bbox 385 1630 1315 1840">
     <span class='ocr_line' id='line_1_13' title="bbox 385 1630 1315 1743; baseline 0.005 -32"><span class='ocrx_word' id='word_1_81' title='bbox 385 1630 605 1742; x_wconf 83' lang='lat' dir='ltr'>Subscripstt</span> <span class='ocrx_word' id='word_1_82' title='bbox 616 1650 654 1713; x_wconf 87' lang='lat' dir='ltr'>et</span> <span class='ocrx_word' id='word_1_83' title='bbox 667 1633 773 1713; x_wconf 82' lang='lat' dir='ltr'>Pars</span> <span class='ocrx_word' id='word_1_84' title='bbox 768 1632 1000 1739; x_wconf 81' lang='lat' dir='ltr'>amentistgil</span> <span class='ocrx_word' id='word_1_85' title='bbox 981 1632 1070 1712; x_wconf 86' lang='lat' dir='ltr'>llum</span> <span class='ocrx_word' id='word_1_86' title='bbox 1082 1634 1223 1742; x_wconf 83' lang='lat' dir='ltr'>apponi</span> <span class='ocrx_word' id='word_1_87' title='bbox 1219 1633 1315 1743; x_wconf 81' lang='lat' dir='ltr'>fecit</span> 
     </span>
     <span class='ocr_line' id='line_1_14' title="bbox 813 1744 1267 1840; baseline 0.007 -16"><span class='ocrx_word' id='word_1_88' title='bbox 813 1744 1041 1825; x_wconf 90' lang='lat' dir='ltr'>Gulielmus</span> <span class='ocrx_word' id='word_1_89' title='bbox 1061 1744 1267 1840; x_wconf 75' lang='lat' dir='ltr'>lenthall,</span> 
     </span>
    </p>
   </div>
   <div class='ocr_carea' id='block_1_4' title="bbox 480 1855 1314 1967">
    <p class='ocr_par' dir='ltr' id='par_1_5' title="bbox 480 1855 1314 1967">
     <span class='ocr_line' id='line_1_15' title="bbox 480 1855 1314 1967; baseline 0.006 -32"><span class='ocrx_word' id='word_1_90' title='bbox 480 1857 712 1937; x_wconf 88' lang='lat' dir='ltr'>Prolocutor</span> <span class='ocrx_word' id='word_1_91' title='bbox 724 1857 966 1938; x_wconf 85' lang='lat' dir='ltr'>Parlamenti</span> <span class='ocrx_word' id='word_1_92' title='bbox 974 1855 1134 1967; x_wconf 84' lang='lat' dir='ltr'>Reipub.</span> <span class='ocrx_word' id='word_1_93' title='bbox 1150 1858 1314 1967; x_wconf 69' lang='lat' dir='ltr'>Anglria</span> 
     </span>
    </p>
   </div>
   <div class='ocr_carea' id='block_1_5' title="bbox 169 2241 1321 2463">
    <p class='ocr_par' dir='ltr' id='par_1_6' title="bbox 169 2241 1321 2463">
     <span class='ocr_line' id='line_1_16' title="bbox 169 2241 1321 2359; baseline 0.003 -34"><span class='ocrx_word' id='word_1_94' title='bbox 169 2245 452 2325; x_wconf 85' lang='lat' dir='ltr'>Parlamentum</span> <span class='ocrx_word' id='word_1_95' title='bbox 472 2241 646 2353; x_wconf 93' lang='lat' dir='ltr'>Reipub</span> <span class='ocrx_word' id='word_1_96' title='bbox 664 2242 820 2351; x_wconf 84' lang='lat' dir='ltr'>Angliae</span> <span class='ocrx_word' id='word_1_97' title='bbox 834 2243 983 2353; x_wconf 75' lang='lat' dir='ltr'>illustri</span> <span class='ocrx_word' id='word_1_98' title='bbox 995 2262 1034 2326; x_wconf 88' lang='lat' dir='ltr'>et</span> <span class='ocrx_word' id='word_1_99' title='bbox 1050 2275 1178 2356; x_wconf 83' lang='lat' dir='ltr'>magn</span> <span class='ocrx_word' id='word_1_100' title='bbox 1163 2247 1250 2359; x_wconf 82' lang='lat' dir='ltr'>fico</span> <span class='ocrx_word' id='word_1_101' title='bbox 1260 2247 1321 2332; x_wconf 89' lang='lat' dir='ltr'>Ci-</span> 
     </span>
     <span class='ocr_line' id='line_1_17' title="bbox 317 2355 1166 2463; baseline 0.006 -29"><span class='ocrx_word' id='word_1_102' title='bbox 317 2355 453 2435; x_wconf 82' lang='lat' dir='ltr'>vitatis</span> <span class='ocrx_word' id='word_1_103' title='bbox 472 2355 764 2463; x_wconf 73' lang='lat' dir='ltr'>Hamburgerfis</span> <span class='ocrx_word' id='word_1_104' title='bbox 785 2357 953 2452; x_wconf 85' lang='lat' dir='ltr'>Senatui,</span> <span class='ocrx_word' id='word_1_105' title='bbox 974 2359 1166 2439; x_wconf 86' lang='lat' dir='ltr'>Salutem.</span> 
     </span>
    </p>
   </div>
   <div class='ocr_carea' id='block_1_6' title="bbox 152 2527 1327 4663">
    <p class='ocr_par' dir='ltr' id='par_1_7' title="bbox 163 2527 1071 2732">
     <span class='ocr_line' id='line_1_18' title="bbox 163 2527 1071 2638; baseline 0 -30"><span class='ocrx_word' id='word_1_106' title='bbox 163 2528 424 2638; x_wconf 84' lang='lat' dir='ltr'>Amplissimi,</span> <span class='ocrx_word' id='word_1_107' title='bbox 446 2528 647 2634; x_wconf 85' lang='lat' dir='ltr'>magnifici</span> <span class='ocrx_word' id='word_1_108' title='bbox 670 2545 710 2607; x_wconf 92' lang='lat' dir='ltr'>et</span> <span class='ocrx_word' id='word_1_109' title='bbox 733 2527 1019 2638; x_wconf 67' lang='lat' dir='ltr'>spectabiles</span> <span class='ocrx_word' id='word_1_110' title='bbox 983 2531 1071 2622; x_wconf 80' lang='lat' dir='ltr'>vrri,</span> 
     </span>
     <span class='ocr_line' id='line_1_19' title="bbox 351 2639 742 2732; baseline 0 -14"><span class='ocrx_word' id='word_1_111' title='bbox 351 2641 487 2719; x_wconf 88' lang='lat' dir='ltr'>Amici</span> <span class='ocrx_word' id='word_1_112' title='bbox 506 2639 742 2732; x_wconf 87' lang='lat' dir='ltr'>chariffimi;</span> 
     </span>
    </p>

    <p class='ocr_par' dir='ltr' id='par_1_8' title="bbox 251 2750 1326 2862">
     <span class='ocr_line' id='line_1_20' title="bbox 251 2750 1326 2862; baseline 0.004 -31"><span class='ocrx_word' id='word_1_113' title='bbox 251 2753 514 2832; x_wconf 85' lang='lat' dir='ltr'>Arsamentum</span> <span class='ocrx_word' id='word_1_114' title='bbox 531 2752 689 2861; x_wconf 86' lang='lat' dir='ltr'>Rer&#39;pub.</span> <span class='ocrx_word' id='word_1_115' title='bbox 706 2750 876 2859; x_wconf 82' lang='lat' dir='ltr'>Angliae,</span> <span class='ocrx_word' id='word_1_116' title='bbox 890 2780 984 2833; x_wconf 90' lang='lat' dir='ltr'>cum</span> <span class='ocrx_word' id='word_1_117' title='bbox 999 2753 1206 2862; x_wconf 87' lang='lat' dir='ltr'>antiquam</span> <span class='ocrx_word' id='word_1_118' title='bbox 1221 2756 1326 2834; x_wconf 88' lang='lat' dir='ltr'>ami-</span> 
     </span>
    </p>

    <p class='ocr_par' dir='ltr' id='par_1_9' title="bbox 152 2865 1327 4663">
     <span class='ocr_line' id='line_1_21' title="bbox 286 2865 1327 2974; baseline 0.003 -31"><span class='ocrx_word' id='word_1_119' title='bbox 286 2865 437 2960; x_wconf 88' lang='lat' dir='ltr'>citiam,</span> <span class='ocrx_word' id='word_1_120' title='bbox 469 2884 735 2974; x_wconf 90' lang='lat' dir='ltr'>mutuumque</span> <span class='ocrx_word' id='word_1_121' title='bbox 765 2866 1069 2958; x_wconf 88' lang='lat' dir='ltr'>commercium,</span> <span class='ocrx_word' id='word_1_122' title='bbox 1101 2894 1189 2974; x_wconf 84' lang='lat' dir='ltr'>quae</span> <span class='ocrx_word' id='word_1_123' title='bbox 1221 2868 1327 2946; x_wconf 90' lang='lat' dir='ltr'>inter</span> 
     </span>
     <span class='ocr_line' id='line_1_22' title="bbox 163 2976 1327 3085; baseline 0.003 -30"><span class='ocrx_word' id='word_1_124' title='bbox 163 2977 532 3085; x_wconf 84' lang='lat' dir='ltr'>gentemAnglt&#39;cam</span> <span class='ocrx_word' id='word_1_125' title='bbox 545 2977 805 3085; x_wconf 87' lang='lat' dir='ltr'>Vestramque</span> <span class='ocrx_word' id='word_1_126' title='bbox 816 2977 1018 3056; x_wconf 90' lang='lat' dir='ltr'>civitatem</span> <span class='ocrx_word' id='word_1_127' title='bbox 1031 2976 1100 3072; x_wconf 88' lang='lat' dir='ltr'>est,</span> <span class='ocrx_word' id='word_1_128' title='bbox 1112 2977 1327 3059; x_wconf 89' lang='lat' dir='ltr'>continua·</span> 
     </span>
     <span class='ocr_line' id='line_1_23' title="bbox 164 3087 1325 3200; baseline 0.002 -32"><span class='ocrx_word' id='word_1_129' title='bbox 164 3106 253 3168; x_wconf 90' lang='lat' dir='ltr'>tum</span> <span class='ocrx_word' id='word_1_130' title='bbox 272 3088 513 3198; x_wconf 70' lang='lat' dir='ltr'>magnopere</span> <span class='ocrx_word' id='word_1_131' title='bbox 534 3087 651 3168; x_wconf 91' lang='lat' dir='ltr'>vellet</span> <span class='ocrx_word' id='word_1_132' title='bbox 671 3106 712 3168; x_wconf 91' lang='lat' dir='ltr'>et</span> <span class='ocrx_word' id='word_1_133' title='bbox 728 3087 1013 3183; x_wconf 83' lang='lat' dir='ltr'>conservatum,</span> <span class='ocrx_word' id='word_1_134' title='bbox 1034 3088 1139 3169; x_wconf 89' lang='lat' dir='ltr'>haud</span> <span class='ocrx_word' id='word_1_135' title='bbox 1159 3089 1217 3168; x_wconf 91' lang='lat' dir='ltr'>ita</span> <span class='ocrx_word' id='word_1_136' title='bbox 1236 3093 1325 3200; x_wconf 90' lang='lat' dir='ltr'>pri-</span> 
     </span>
     <span class='ocr_line' id='line_1_24' title="bbox 163 3200 1325 3309; baseline 0.003 -29"><span class='ocrx_word' id='word_1_137' title='bbox 163 3201 256 3280; x_wconf 91' lang='lat' dir='ltr'>dem</span> <span class='ocrx_word' id='word_1_138' title='bbox 268 3201 498 3283; x_wconf 79' lang='lat' dir='ltr'>Riclrardum</span> <span class='ocrx_word' id='word_1_139' title='bbox 505 3200 715 3298; x_wconf 75' lang='lat' dir='ltr'>Bradshaw</span> <span class='ocrx_word' id='word_1_140' title='bbox 729 3202 972 3309; x_wconf 87' lang='lat' dir='ltr'>armigerum</span> <span class='ocrx_word' id='word_1_141' title='bbox 985 3201 1207 3282; x_wconf 85' lang='lat' dir='ltr'>Refidentis</span> <span class='ocrx_word' id='word_1_142' title='bbox 1220 3203 1325 3283; x_wconf 92' lang='lat' dir='ltr'>Mu-</span> 
     </span>
     <span class='ocr_line' id='line_1_25' title="bbox 162 3311 1325 3421; baseline 0.005 -30"><span class='ocrx_word' id='word_1_143' title='bbox 162 3340 254 3393; x_wconf 88' lang='lat' dir='ltr'>nere</span> <span class='ocrx_word' id='word_1_144' title='bbox 270 3315 478 3421; x_wconf 87' lang='lat' dir='ltr'>praeditum</span> <span class='ocrx_word' id='word_1_145' title='bbox 495 3311 590 3393; x_wconf 77' lang='lat' dir='ltr'>illue</span> <span class='ocrx_word' id='word_1_146' title='bbox 605 3313 723 3407; x_wconf 85' lang='lat' dir='ltr'>mifit,</span> <span class='ocrx_word' id='word_1_147' title='bbox 740 3314 856 3421; x_wconf 92' lang='lat' dir='ltr'>eique</span> <span class='ocrx_word' id='word_1_148' title='bbox 871 3314 974 3393; x_wconf 92' lang='lat' dir='ltr'>inter</span> <span class='ocrx_word' id='word_1_149' title='bbox 987 3314 1062 3394; x_wconf 88' lang='lat' dir='ltr'>alia</span> <span class='ocrx_word' id='word_1_150' title='bbox 1074 3314 1260 3395; x_wconf 88' lang='lat' dir='ltr'>mandata</span> <span class='ocrx_word' id='word_1_151' title='bbox 1271 3315 1325 3397; x_wconf 83' lang='lat' dir='ltr'>eb</span> 
     </span>
     <span class='ocr_line' id='line_1_26' title="bbox 161 3424 1326 3535; baseline 0.005 -32"><span class='ocrx_word' id='word_1_152' title='bbox 161 3424 370 3534; x_wconf 70' lang='lat' dir='ltr'>spectantia</span> <span class='ocrx_word' id='word_1_153' title='bbox 382 3426 530 3507; x_wconf 88' lang='lat' dir='ltr'>disertis</span> <span class='ocrx_word' id='word_1_154' title='bbox 545 3425 672 3505; x_wconf 90' lang='lat' dir='ltr'>verbis</span> <span class='ocrx_word' id='word_1_155' title='bbox 688 3427 902 3520; x_wconf 84' lang='lat' dir='ltr'>mandavit,</span> <span class='ocrx_word' id='word_1_156' title='bbox 920 3443 1113 3507; x_wconf 89' lang='lat' dir='ltr'>utcontra</span> <span class='ocrx_word' id='word_1_157' title='bbox 1128 3426 1326 3535; x_wconf 87' lang='lat' dir='ltr'>quosdam</span> 
     </span>
     <span class='ocr_line' id='line_1_27' title="bbox 160 3535 1324 3647; baseline 0.004 -32"><span class='ocrx_word' id='word_1_158' title='bbox 160 3537 290 3616; x_wconf 83' lang='lat' dir='ltr'>vestrae</span> <span class='ocrx_word' id='word_1_159' title='bbox 301 3537 658 3644; x_wconf 86' lang='lat' dir='ltr'>ditionisjustitiam</span> <span class='ocrx_word' id='word_1_160' title='bbox 672 3535 918 3645; x_wconf 81' lang='lat' dir='ltr'>efflagitaret,</span> <span class='ocrx_word' id='word_1_161' title='bbox 932 3539 1002 3647; x_wconf 94' lang='lat' dir='ltr'>qui</span> <span class='ocrx_word' id='word_1_162' title='bbox 1014 3539 1218 3619; x_wconf 86' lang='lat' dir='ltr'>Societatis</span> <span class='ocrx_word' id='word_1_163' title='bbox 1231 3543 1324 3620; x_wconf 89' lang='lat' dir='ltr'>An-</span> 
     </span>
     <span class='ocr_line' id='line_1_28' title="bbox 155 3649 1320 3792; baseline 0.004 -65"><span class='ocrx_word' id='word_1_164' title='bbox 155 3650 270 3756; x_wconf 84' lang='lat' dir='ltr'>glt&#39;cae</span> <span class='ocrx_word' id='word_1_165' title='bbox 287 3651 618 3730; x_wconf 89' lang='lat' dir='ltr'>Concionatorem</span> <span class='ocrx_word' id='word_1_166' title='bbox 643 3649 861 3731; x_wconf 88' lang='lat' dir='ltr'>interficere</span> <span class='ocrx_word' id='word_1_167' title='bbox 886 3650 975 3732; x_wconf 92' lang='lat' dir='ltr'>sunt</span> <span class='ocrx_word' id='word_1_168' title='bbox 997 3651 1142 3745; x_wconf 86' lang='lat' dir='ltr'>conati,</span> <span class='ocrx_word' id='word_1_169' title='bbox 1163 3652 1320 3792; x_wconf 90' lang='lat' dir='ltr'>quique</span> 
     </span>
     <span class='ocr_line' id='line_1_29' title="bbox 162 3762 1322 3873; baseline 0.001 -29"><span class='ocrx_word' id='word_1_170' title='bbox 162 3764 368 3873; x_wconf 90' lang='lat' dir='ltr'>Deputato</span> <span class='ocrx_word' id='word_1_171' title='bbox 391 3762 503 3843; x_wconf 89' lang='lat' dir='ltr'>Illius</span> <span class='ocrx_word' id='word_1_172' title='bbox 527 3763 894 3872; x_wconf 86' lang='lat' dir='ltr'>Societatis1mpias</span> <span class='ocrx_word' id='word_1_173' title='bbox 913 3791 1054 3845; x_wconf 87' lang='lat' dir='ltr'>manus</span> <span class='ocrx_word' id='word_1_174' title='bbox 1073 3762 1258 3870; x_wconf 90' lang='lat' dir='ltr'>injecere,</span> <span class='ocrx_word' id='word_1_175' title='bbox 1278 3784 1322 3845; x_wconf 90' lang='lat' dir='ltr'>et</span> 
     </span>
     <span class='ocr_line' id='line_1_30' title="bbox 162 3875 1320 4015; baseline 0.004 -62"><span class='ocrx_word' id='word_1_176' title='bbox 162 3875 444 3956; x_wconf 88' lang='lat' dir='ltr'>mercatoribus</span> <span class='ocrx_word' id='word_1_177' title='bbox 436 3875 736 4015; x_wconf 89' lang='lat' dir='ltr'>quibusdam</span> <span class='ocrx_word' id='word_1_178' title='bbox 704 3904 785 3981; x_wconf 74' lang='lat' dir='ltr'>ejus</span> <span class='ocrx_word' id='word_1_179' title='bbox 801 3877 1004 3959; x_wconf 87' lang='lat' dir='ltr'>Societatis</span> <span class='ocrx_word' id='word_1_180' title='bbox 1015 3876 1224 3986; x_wconf 81' lang='lat' dir='ltr'>praecipuis</span> <span class='ocrx_word' id='word_1_181' title='bbox 1237 3878 1320 3957; x_wconf 90' lang='lat' dir='ltr'>im·</span> 
     </span>
     <span class='ocr_line' id='line_1_31' title="bbox 161 3987 1322 4118; baseline 0.004 -54"><span class='ocrx_word' id='word_1_182' title='bbox 161 3987 244 4095; x_wconf 88' lang='lat' dir='ltr'>pias</span> <span class='ocrx_word' id='word_1_183' title='bbox 269 4015 408 4067; x_wconf 91' lang='lat' dir='ltr'>manus</span> <span class='ocrx_word' id='word_1_184' title='bbox 433 3988 615 4093; x_wconf 86' lang='lat' dir='ltr'>injecere,</span> <span class='ocrx_word' id='word_1_185' title='bbox 639 3987 823 4096; x_wconf 91' lang='lat' dir='ltr'>eosque</span> <span class='ocrx_word' id='word_1_186' title='bbox 812 4016 853 4067; x_wconf 91' lang='lat' dir='ltr'>1n</span> <span class='ocrx_word' id='word_1_187' title='bbox 877 4016 1018 4070; x_wconf 89' lang='lat' dir='ltr'>navem</span> <span class='ocrx_word' id='word_1_188' title='bbox 1045 3989 1322 4118; x_wconf 75' lang='lat' dir='ltr'>praedatoriam</span> 
     </span>
     <span class='ocr_line' id='line_1_32' title="bbox 158 4098 1319 4209; baseline 0.003 -32"><span class='ocrx_word' id='word_1_189' title='bbox 158 4098 413 4192; x_wconf 85' lang='lat' dir='ltr'>abduxerant,</span> <span class='ocrx_word' id='word_1_190' title='bbox 430 4119 469 4179; x_wconf 92' lang='lat' dir='ltr'>et</span> <span class='ocrx_word' id='word_1_191' title='bbox 488 4102 667 4209; x_wconf 90' lang='lat' dir='ltr'>quamvis</span> <span class='ocrx_word' id='word_1_192' title='bbox 688 4100 892 4208; x_wconf 68' lang='lat' dir='ltr'>praedidtus</span> <span class='ocrx_word' id='word_1_193' title='bbox 908 4099 1078 4207; x_wconf 83' lang='lat' dir='ltr'>Restdens</span> <span class='ocrx_word' id='word_1_194' title='bbox 1092 4127 1188 4182; x_wconf 91' lang='lat' dir='ltr'>cum</span> <span class='ocrx_word' id='word_1_195' title='bbox 1203 4103 1319 4182; x_wconf 86' lang='lat' dir='ltr'>exci-</span> 
     </span>
     <span class='ocr_line' id='line_1_33' title="bbox 161 4211 1320 4323; baseline 0.003 -32"><span class='ocrx_word' id='word_1_196' title='bbox 161 4231 319 4321; x_wconf 87' lang='lat' dir='ltr'>peretur</span> <span class='ocrx_word' id='word_1_197' title='bbox 337 4213 515 4321; x_wconf 90' lang='lat' dir='ltr'>primum</span> <span class='ocrx_word' id='word_1_198' title='bbox 534 4232 574 4292; x_wconf 88' lang='lat' dir='ltr'>et</span> <span class='ocrx_word' id='word_1_199' title='bbox 593 4214 806 4307; x_wconf 90' lang='lat' dir='ltr'>audiretur,</span> <span class='ocrx_word' id='word_1_200' title='bbox 823 4232 983 4323; x_wconf 91' lang='lat' dir='ltr'>accepta</span> <span class='ocrx_word' id='word_1_201' title='bbox 1001 4213 1051 4294; x_wconf 86' lang='lat' dir='ltr'>ab</span> <span class='ocrx_word' id='word_1_202' title='bbox 1070 4211 1145 4294; x_wconf 86' lang='lat' dir='ltr'>hac</span> <span class='ocrx_word' id='word_1_203' title='bbox 1163 4212 1320 4323; x_wconf 83' lang='lat' dir='ltr'>Repub-</span> 
     </span>
     <span class='ocr_line' id='line_1_34' title="bbox 159 4323 1320 4435; baseline 0.001 -31"><span class='ocrx_word' id='word_1_204' title='bbox 159 4325 234 4405; x_wconf 82' lang='lat' dir='ltr'>lica</span> <span class='ocrx_word' id='word_1_205' title='bbox 253 4325 436 4404; x_wconf 84' lang='lat' dir='ltr'>mandata</span> <span class='ocrx_word' id='word_1_206' title='bbox 455 4324 522 4404; x_wconf 86' lang='lat' dir='ltr'>illa</span> <span class='ocrx_word' id='word_1_207' title='bbox 543 4323 740 4433; x_wconf 85' lang='lat' dir='ltr'>figillatim</span> <span class='ocrx_word' id='word_1_208' title='bbox 760 4325 871 4406; x_wconf 93' lang='lat' dir='ltr'>vobis</span> <span class='ocrx_word' id='word_1_209' title='bbox 889 4344 982 4406; x_wconf 88' lang='lat' dir='ltr'>nota</span> <span class='ocrx_word' id='word_1_210' title='bbox 998 4324 1150 4420; x_wconf 89' lang='lat' dir='ltr'>fecerit,</span> <span class='ocrx_word' id='word_1_211' title='bbox 1170 4326 1320 4435; x_wconf 86' lang='lat' dir='ltr'>quibus</span> 
     </span>
     <span class='ocr_line' id='line_1_35' title="bbox 152 4437 1318 4546; baseline 0.004 -30"><span class='ocrx_word' id='word_1_212' title='bbox 152 4437 309 4543; x_wconf 88' lang='lat' dir='ltr'>justitiae</span> <span class='ocrx_word' id='word_1_213' title='bbox 328 4438 459 4517; x_wconf 86' lang='lat' dir='ltr'>vestrae</span> <span class='ocrx_word' id='word_1_214' title='bbox 476 4438 707 4546; x_wconf 84' lang='lat' dir='ltr'>exemplum</span> <span class='ocrx_word' id='word_1_215' title='bbox 728 4440 769 4517; x_wconf 95' lang='lat' dir='ltr'>in</span> <span class='ocrx_word' id='word_1_216' title='bbox 789 4437 988 4520; x_wconf 87' lang='lat' dir='ltr'>maleficos</span> <span class='ocrx_word' id='word_1_217' title='bbox 1007 4439 1095 4521; x_wconf 89' lang='lat' dir='ltr'>illos</span> <span class='ocrx_word' id='word_1_218' title='bbox 1114 4438 1318 4523; x_wconf 86' lang='lat' dir='ltr'>edendum</span> 
     </span>
     <span class='ocr_line' id='line_1_36' title="bbox 159 4546 1321 4663; baseline 0.001 -35"><span class='ocrx_word' id='word_1_219' title='bbox 159 4549 450 4658; x_wconf 67' lang='lat' dir='ltr'>expectabatur,</span> <span class='ocrx_word' id='word_1_220' title='bbox 473 4569 605 4629; x_wconf 91' lang='lat' dir='ltr'>tamen</span> <span class='ocrx_word' id='word_1_221' title='bbox 621 4546 714 4630; x_wconf 81' lang='lat' dir='ltr'>cbm</span> <span class='ocrx_word' id='word_1_222' title='bbox 729 4552 993 4661; x_wconf 72' lang='lat' dir='ltr'>expestationi</span> <span class='ocrx_word' id='word_1_223' title='bbox 1007 4551 1142 4632; x_wconf 87' lang='lat' dir='ltr'>nostrae</span> <span class='ocrx_word' id='word_1_224' title='bbox 1157 4550 1321 4663; x_wconf 88' lang='lat' dir='ltr'>respon-</span> 
     </span>
    </p>
   </div>
   <div class='ocr_carea' id='block_1_7' title="bbox 0 0 1482 4980">
    <p class='ocr_par' dir='ltr' id='par_1_10' title="bbox 0 0 1482 4980">
     <span class='ocr_line' id='line_1_37' title="bbox 0 0 1482 4980; baseline 0 2"><span class='ocrx_word' id='word_1_225' title='bbox 0 0 1482 4980; x_wconf 95' lang='lat' dir='ltr'> </span> 
     </span>
    </p>
   </div>
  </div>
 </body>
</html>
