1008 1431
173 394 297 424 Autoris
321 394 514 436 Epistolarum
539 394 734 424 Familiarium

352 447 439 477 Liber
454 449 555 477 Unus:

164 502 256 535 Qibus
275 502 419 527 accefferunt
436 499 549 536 ejusdem,
571 501 622 535 jam
638 501 696 526 olim
714 502 739 526 in

192 537 285 569 CoJIegio
296 537 437 560 Adolescentia,
453 537 576 557 Prolufiones
585 537 676 564 quaedam
686 537 739 556 Ora-

192 569 252 584 tone.

270 627 277 641 1
283 636 288 640 .
304 620 389 641 Thomae
398 621 459 647 Junio
470 620 633 649 Praeceptoristo.

177 675 182 680 r
199 670 217 680 >
276 677 280 680 t

171 670 286 715 (33)
306 690 390 717 optime)
405 690 524 717 Epistolium
537 690 636 717 quoddam
650 690 738 709 numeris

275 723 279 730 '
306 718 393 738 metricis
408 718 544 738 elucubmtum
557 718 583 738 ad
598 723 617 737 te
631 718 684 741 dare,
698 724 738 737 non

172 740 219 780 Qa—
243 731 286 777 (33⁸)
306 746 350 766 satis
360 751 426 766 tamen
437 746 523 766 habuiffe
532 753 564 766 me
574 746 693 769 existimavi,
702 745 738 766 nifi

174 775 185 781 ¹‘
220 772 255 784 ’Χ
268 775 285 781 ’“
305 774 358 793 aliud
367 774 445 801 insuper
451 774 513 794 soluto
522 774 571 800 stylo
577 774 694 796 exaraffem;
707 773 737 793 in-

163 800 263 821 credibilis
270 802 324 821 enim
332 801 366 821 illa
372 807 391 821 et
401 802 502 828 fingularis
510 802 571 821 animi
579 802 619 821 mei
629 801 737 828 gratitudo,

163 835 224 855 quam
237 834 269 849 tua
282 836 307 849 ex
322 829 390 850 debito
400 830 506 849 vendicant
522 830 542 849 in
558 836 591 849 me
605 829 682 852 merita,
697 835 737 849 non

162 856 267 877 consti-iao
278 857 319 880 illo,
328 862 347 877 et
356 858 414 877 certis
424 858 507 885 pedibus
517 864 539 877 ac
549 857 625 884 syllabis
635 857 737 884 angustato

163 884 242 904 dicendi
252 891 323 911 genere
333 886 462 913 exprimenda
472 885 517 909 fuit,
524 885 555 905 sed
565 885 660 905 Oratione
668 884 736 908 liberi,

163 912 228 932 immo
239 913 311 939 potius,
322 913 335 933 fi
346 913 388 933 fieri
398 913 466 941 poffet,
475 913 562 939 Afiaticd
571 913 675 933 verborum
686 919 737 932 exu-

164 939 257 960 berantia.
287 941 384 968 Qamvis
397 941 478 968 quidem
493 941 536 961 satis
549 941 661 968 exprimere
673 947 737 968 quan-

164 972 207 987 tum
218 968 254 988 tibi
263 968 354 992 debeam,
364 976 413 996 opus
423 969 445 989 sit
455 969 504 989 meis
514 969 587 989 viribus
597 968 656 995 longe
666 968 736 995 majus,

163 996 238 1016 etiamfi
253 1003 322 1016 omnes
337 997 464 1024 quoscunque
480 997 596 1024 Arssoteles,
610 996 736 1024 quoscunque

164 1024 273 1050 Parfimſss
285 1024 318 1044 ille
330 1025 451 1045 Dialefficus
464 1025 559 1052 congeffit
574 1025 735 1051 argumentorum

163 1050 226 1074 τὸπυνς
238 1052 368 1076 exinanirem,
379 1053 452 1073 etiamfi
465 1060 534 1073 omnes
546 1052 662 1072 elocutionis
675 1051 736 1071 fonti-

163 1079 218 1099 culos
231 1079 364 1100 exhaurirem.
395 1081 489 1109 Qereris
502 1086 522 1100 tu
533 1087 579 1100 vero
589 1079 651 1107 (qubd
664 1080 736 1100 merito

162 1107 227 1134 potes)
239 1108 303 1128 literas
316 1115 370 1129 meas
382 1116 432 1129 raras
444 1109 551 1128 admodum
563 1113 583 1128 et
595 1108 698 1135 perbreves
712 1108 736 1128 ad

163 1139 182 1154 te
194 1135 267 1156 delatas
280 1136 330 1160 ess'e;
346 1143 383 1163 ego
397 1144 443 1157 vero
459 1143 498 1156 non
513 1142 553 1156 tam
567 1136 625 1156 doleo
639 1142 671 1155 me
687 1135 736 1155 adeo

159 1162 256 1189 jucundo,
268 1164 356 1191 adeoque
368 1164 479 1192 expetendo
491 1164 572 1184 defuiffe
588 1164 661 1186 officio,
676 1170 737 1190 quam

162 1191 240 1217 gaudeo
249 1197 269 1211 et
279 1199 329 1219 pene
339 1192 407 1213 exulto
420 1199 467 1212 eum
481 1200 514 1212 me
527 1193 547 1212 in
561 1192 648 1212 amicitia
662 1197 694 1211 tua
707 1196 737 1211 te-

193 1225 204 1245 5
433 1227 444 1240 1³
456 1227 467 1240 Β

281 674 283 676 -
292 662 399 688 Uanquam
407 662 510 682 statueram
519 662 571 689 apud
579 669 611 681 me
619 662 738 689 (Praeceptor
773 685 776 687 ι
