2956 4980
292 239 456 336 Literae
483 236 677 336 Oliverii
703 243 994 339 Protectoris.
1141 279 1219 360 243

81 408 190 493 liceor
208 430 326 521 atque
351 412 500 497 defero.
556 415 708 494 Interea
732 414 949 520 Majestatis
972 413 1103 494 vestrae
1125 442 1222 493 con·

89 522 151 604 filia
167 526 302 605 omnia
321 545 365 606 ut
383 526 432 605 ad
451 554 709 607 communem
731 527 953 636 Clrssionae
976 528 1032 607 rei
1055 526 1220 607 salutem

93 634 211 744 dirigat
230 638 343 719 Deus
362 656 480 746 atque
499 638 705 746 gubernet,
722 641 829 746 quod
849 639 956 718 idem
972 667 1050 718 non
1065 638 1218 734 dubito,

96 749 167 854 quin
183 769 221 828 et
241 778 312 830 vos
332 749 507 830 maxime
527 751 671 843 velitis,
693 747 880 831 animitiis
899 770 1059 859 exopto

10 881 42 959 ξι
155 860 603 958 AlboAulA,oet.26,
632 864 750 969 1653.

10 972 41 1044 ’ἱί
290 974 506 1082 Majestatis
525 976 656 1054 vestra
676 973 964 1054 studiosrffimus

446 1085 652 1179 Oliverius,
675 1086 780 1166 Prot.
805 1086 923 1195 Reip.
948 1085 1115 1193 Angliae,
1137 1088 1212 1167 &c

10 1550 34 1596 Ξ
103 1462 307 1582 Magnfficis
325 1470 627 1585 Ampliffimisque
646 1470 860 1580 Consulibus
879 1502 924 1552 ac
945 1469 1184 1551 Senatoribus

427 1587 609 1667 Civitatis
628 1587 843 1691 Bremensts.

10 1764 18 1817 t
72 1752 192 1951 EX
212 1760 335 1840 literis
351 1760 484 1842 vestris
500 1791 570 1871 per
588 1764 800 1841 Oratorem
815 1755 987 1841 vestrum
1004 1760 1210 1844 Henricum

181 1871 459 1980 oldenburgum
478 1875 527 1954 ad
546 1902 616 1953 nos
631 1874 745 1966 datis,
763 1893 945 1953 coortum
960 1875 1111 1952 civitati
1126 1873 1209 1953 ves-

68 1996 126 2060 tra
143 2011 238 2063 cum
259 1987 391 2065 vicino
416 1985 681 2096 potentissimo
705 1985 918 2080 diffidium,
939 1985 1110 2093 quasque
1138 2014 1209 2065 ex·

63 2091 149 2174 inde
163 2096 213 2174 ad
229 2097 424 2205 angustias
439 2100 582 2178 redacti
599 2098 691 2191 fitis,
705 2097 752 2176 el>
767 2097 912 2202 majore
925 2125 1017 2176 cum
1032 2098 1209 2178 molestia

58 2230 102 2283 ac
120 2207 258 2287 dolore
278 2210 472 2316 intelligo,
493 2238 574 2319 quo
600 2211 725 2316 magis
746 2209 970 2315 Bremerfim
992 2210 1208 2289 Civitatem

55 2339 196 2424 praeter
205 2340 362 2400 ceteras
377 2321 614 2402 Orthodoxd
626 2323 815 2427 religione
829 2320 1070 2429 praestantem
1084 2321 1208 2428 diligo

53 2448 174 2537 atque
202 2433 442 2542 amplector;
475 2461 602 2541 neque
634 2435 675 2512 in
702 2434 802 2512 votis
832 2434 1047 2540 quicquam
1079 2429 1206 2511 habeo

52 2543 270 2650 antiquina,
286 2542 411 2652 ¹qudm
430 2564 475 2625 ut
494 2545 717 2626 universum
734 2544 1039 2624 Protestantium
1059 2572 1205 2624 nomen

51 2648 226 2733 fraterno
249 2655 432 2735 consensu
456 2677 572 2764 atque
596 2657 804 2736 concordia
830 2657 869 2734 in
894 2684 1020 2736 unum
1045 2658 1204 2737 tandem

49 2764 255 2846 coalescat.
288 2769 428 2848 Laetari
442 2770 600 2848 interim
610 2793 868 2848 communem
882 2767 1205 2848 Reformatorum

50 2872 208 2957 hostem
222 2876 326 2959 hisee
342 2879 480 2961 nostris
494 2880 810 2968 contentionibus
827 2900 867 2958 et
883 2878 1049 2959 ferocius
1066 2879 1203 2988 paslrm

50 2984 193 3068 instare
206 2990 543 3072 certiffimumest.
579 2991 665 3102 Ipsa
677 3011 810 3072 autem
823 2992 1094 3093 controverfia,
1108 3018 1202 3070 cum

49 3098 256 3181 decisionis
276 3103 410 3183 nostrae
429 3131 507 3184 non
532 3105 577 3184 fit
602 3132 689 3212 quae
714 3131 782 3183 vos
799 3104 884 3208 jam
904 3130 1008 3181 nune
1027 3121 1200 3193 exercet,

50 3209 191 3291 Deum
210 3213 342 3321 itaque
361 3242 431 3294 oro
451 3235 495 3294 ut
514 3244 600 3324 quae
618 3234 754 3325 coeptae
774 3216 860 3293 sunt
881 3215 1045 3294 indueiae
1059 3212 1201 3323 poffint

50 3319 228 3403 foelieem
250 3327 407 3406 exitum
430 3327 570 3407 sortiri.
629 3327 827 3433 Equidem
852 3327 958 3432 quod
983 3326 1131 3434 petistis
1153 3325 1201 3404 ad

49 3434 250 3514 Succorum
270 3439 426 3545 Regem
445 3466 490 3518 ea
510 3438 558 3518 de
580 3466 620 3517 re
644 3439 774 3548 scripsi
800 3437 926 3517 suasor
951 3438 1057 3546 pacis
1083 3457 1199 3544 atque

46 3547 280 3642 concordiae,
302 3551 393 3629 Deo
413 3551 603 3630 nimirum
625 3550 821 3657 imprimis
841 3569 971 3656 gratae,
988 3576 1199 3655 meamque

47 3682 212 3765 operam
233 3679 279 3741 ut
297 3661 337 3739 in
356 3690 397 3740 re
417 3680 499 3741 tam
512 3662 578 3769 pia
592 3660 715 3739 libens
732 3659 869 3752 detuli,
887 3689 954 3739 vos
970 3663 1026 3739 uti
1042 3688 1199 3768 aequum

46 3768 244 3863 animum,
265 3800 392 3879 neque
408 3772 456 3851 ab
478 3772 567 3851 ullis
581 3774 687 3882 pacis
707 3772 1012 3863 conditionibus,
1028 3770 1199 3850 honestis

45 3880 214 3986 quidem
229 3882 321 3975 illis,
333 3882 610 3964 abhorrentem
623 3883 762 3963 suadeo
775 3883 933 3988 geratis;
952 3883 1198 3990 vestramque

43 3992 251 4072 civitatem
270 3993 410 4074 divinae
430 3997 559 4075 tutelae
578 4023 623 4074 ac
642 3994 895 4103 providentiae
913 3993 1165 4074 commendo

130 4103 242 4185 Alba
260 4107 384 4199 Aulis,
408 4106 536 4187 octob.
561 4107 628 4199 26,
656 4108 702 4185 16
708 4132 774 4212 54.

215 4216 505 4323 Amplitudinis
523 4217 668 4297 Vestrae
688 4217 991 4297 Studiosrffimus

306 4328 498 4409 Oltiuerius
520 4332 720 4409 Proteetor
737 4329 910 4438 Reipub.
931 4330 1099 4441 Angliae,
1121 4332 1195 4408 &e
