2956 4980
158 229 235 335 386
463 212 682 349 Epistola
710 214 991 314 Familiares.

159 392 246 471 sum
266 418 333 470 vos
361 390 456 484 mei,
477 391 539 472 vel
566 391 644 472 illis
671 393 806 501 paucis
824 391 1038 484 versiculis,
1062 387 1310 469 emblematis

130 505 207 583 ‘ad
233 532 387 583 morem
415 503 584 598 inclusis,
607 505 876 585 testimonium
903 503 1214 612 haudquaquam
1239 498 1307 580 ob·

161 615 330 697 scurum
391 615 678 696 Existimabam
698 619 819 696 etiam
839 615 923 698 fore
943 614 1021 696 hoc
1036 614 1177 706 modo,
1194 629 1240 692 ut
1253 609 1309 689 vel

63 777 64 781 κ
159 745 198 806 te
217 730 280 807 vel
300 729 423 807 alium
441 727 490 805 ad
509 726 756 809 scribendum
776 729 999 824 allicerem3
1031 723 1136 806 mihi
1155 722 1307 807 enims

160 843 268 948 prior
288 838 510 932 scriberem,
531 840 679 920 necesse
698 859 794 934 erat,
816 859 861 921 ut
877 842 939 921 vel
959 789 1009 920 ad
1027 864 1184 930 omnes,
1203 833 1308 915 velli

160 980 282 1059 quern
315 951 399 1029 aliis
463 952 697 1046 raetuliffem,
717 952 877 1032 verebar
909 980 958 1031 ne
988 952 1031 1030 iu
1065 968 1305 1038 caeterorum,

161 1065 231 1170 qui
251 1062 292 1140 id
312 979 516 1155 rescitlint,
533 1063 789 1144 offensionem
809 1065 1077 1157 incurrerem3
1108 1088 1208 1140 cum
1227 1086 1308 1167 pcr-

161 1173 307 1253 multos
326 1173 456 1252 adhuc
483 1173 670 1282 superesse
697 1176 783 1257 istic
810 1175 976 1285 sperem,
995 1175 1066 1282 qui
1090 1168 1215 1253 hoc
1200 1196 1306 1249 ame

160 1286 339 1366 officium
358 1285 563 1365 vendicare
593 1308 698 1366 certe
729 1290 961 1397 potuerint
1002 1286 1129 1366 Nunc
1153 1303 1201 1364 tu
1227 1311 1307 1363 om·

163 1399 276 1476 nium
296 1398 462 1506 primus,
479 1416 518 1476 et
537 1395 611 1478 hac
631 1399 862 1479 amiciffima
877 1401 1104 1478 Literarum
1124 1422 1307 1504 provoca·

165 1511 286 1603 tione,
319 1528 358 1588 et
386 1507 575 1588 scribendi
608 1511 740 1591 officio
772 1532 830 1590 ter
853 1511 940 1616 jam
966 1509 1136 1618 repetito
1161 1507 1309 1586 dubitas

162 1618 274 1700 tibi
260 1651 282 1699 a
307 1649 371 1699 me
392 1620 634 1729 jampridem
658 1622 974 1730 respondendi
937 1649 1042 1701 vrces
1066 1620 1307 1726 reliquorum

163 1733 472 1841 expostulatione
493 1733 676 1813 liberasti
721 1740 963 1844 Qanquam
983 1730 1108 1812 fateor
1128 1728 1309 1810 acceffilse

163 1845 211 1923 ad
231 1843 341 1922 illam
361 1844 503 1922 filentii
516 1845 687 1939 causam,
700 1845 1049 1926 turbulentiffimus
1065 1843 1153 1936 iste,
1171 1870 1223 1922 ex
1237 1870 1309 1950 quo

165 1955 330 2034 domum
357 1954 528 2034 reversus
553 1957 653 2051 sum,
675 1958 889 2038 Britannice
917 1957 1052 2036 nostrae
1080 1954 1220 2048 status,
1249 1954 1311 2062 qui

162 2067 344 2145 animum
364 2092 500 2144 meum
521 2069 639 2174 paulo
659 2069 747 2176 post
767 2070 815 2148 ab
840 2068 973 2149 studiis
999 2066 1245 2159 excolendis,
1267 2065 1309 2144 ad

163 2179 286 2257 vitam
310 2195 349 2256 et
373 2175 548 2256 fortunas
576 2208 738 2287 quoquo
769 2181 890 2260 modo
917 2178 1077 2258 tuendas
1106 2177 1309 2257 necessario

163 2291 369 2370 convertit.
430 2291 611 2396 Ecquem
636 2311 679 2370 tu
704 2294 804 2372 inter
828 2309 887 2370 tot
919 2291 1083 2370 Civium
1109 2287 1309 2369 commissa

163 2402 305 2510 praelia,
324 2400 458 2494 caedes,
480 2399 608 2509 fugas,
632 2403 828 2485 bonorum
848 2404 1102 2510 direptionem
1128 2401 1308 2481 recessum

164 2515 246 2592 otio
268 2513 460 2592 Literario
485 2532 617 2594 tutum
641 2516 724 2594 dari
749 2535 862 2644 putes
885 2513 1016 2622 poffe?
1061 2513 1149 2592 Nos
1184 2533 1308 2591 tamen

166 2626 285 2702 etiam
306 2625 406 2702 inter
426 2622 507 2702 haec
533 2625 650 2719 mala,
674 2630 864 2735 quoniam
887 2627 935 2704 de
956 2625 1090 2704 studiis
1111 2625 1214 2703 meis
1233 2652 1309 2703 cer·

166 2736 241 2813 tior
261 2734 345 2814 fieri
365 2734 551 2842 postulas,
573 2737 747 2816 sermone
764 2739 890 2846 patrio
913 2734 1018 2815 haud
1046 2764 1172 2844 pauca
1193 2737 1235 2814 in
1256 2737 1308 2814 lu·

163 2875 250 2925 cem
271 2847 475 2940 dedimus;
502 2876 588 2954 quae
607 2850 677 2928 nisr
697 2850 816 2929 essent
834 2849 995 2955 Anglice
1014 2850 1169 2956 scripta,
1191 2848 1309 2926 libens

165 2960 212 3038 ad
233 2988 300 3039 vos
320 2960 535 3052 mitterem,
556 2988 726 3067 quorum
739 2961 899 3066 judiciis
919 2962 1140 3068 plurimum
1168 2960 1307 3038 tribuo.

165 3072 399 3150 Poematum
416 3067 580 3177 quidem
594 3101 680 3179 quae
696 3101 781 3181 pars
794 3073 941 3153 Latina
953 3072 1022 3165 est,
1037 3072 1230 3179 quoniam
1246 3098 1309 3150 ex·

165 3184 280 3289 petis,
307 3184 416 3261 brevi
434 3184 611 3276 mittam;
638 3204 754 3291 atque
776 3185 815 3263 id
839 3185 972 3293 sponte
991 3182 1234 3290 jamdudum
1257 3181 1309 3261 fe·

166 3294 313 3387 ciffem,
346 3293 416 3371 nifi
450 3295 571 3402 quod,
611 3315 771 3424 propter
804 3325 849 3374 ea
886 3324 972 3404 quae
1001 3297 1040 3373 in
1078 3294 1310 3373 Pontificem

167 3406 370 3483 Romanum
390 3406 541 3511 aliquot
566 3407 720 3514 paginis
744 3407 913 3515 asperius
936 3408 1040 3486 dista
1064 3405 1166 3498 sunt,
1195 3405 1311 3514 suspi-

165 3515 280 3592 cabar
294 3515 426 3594 vestris
444 3516 601 3595 auribus
621 3516 705 3597 fore
725 3521 856 3598 minus
871 3537 993 3625 grata.
1054 3518 1179 3596 Nunc
1194 3517 1264 3596 abs
1279 3536 1313 3595 te

165 3644 273 3732 pet0,
286 3644 330 3704 ut
344 3653 466 3731 quam
482 3629 653 3723 veniam,
667 3657 745 3708 non
758 3629 1314 3736 dicoAligerio,etPetrarcl1ae

166 3738 290 3816 vestro
310 3737 481 3816 eadem
470 3765 511 3815 m
530 3739 655 3833 causa,
682 3741 744 3820 sed
768 3769 880 3834 meae,
903 3760 948 3820 ut
973 3739 1059 3832 scis,
1081 3739 1182 3818 olim
1211 3739 1314 3849 apud

165 3878 233 3928 vos
248 3849 433 3956 loquendi
446 3849 616 3929 libertati
619 3851 826 3981 ,singulari
841 3880 934 3933 curn
951 3849 1213 3945 humanitate,
1225 3852 1315 3931 dare

164 3961 428 4054 consuevistis,
449 3963 649 4041 eandem
639 3983 824 4071 impetres
846 3965 954 4093 (narn
974 3964 1022 4042 de
1042 3981 1081 4042 te
1100 3961 1205 4042 mihi
1226 3991 1315 4072 per·

165 4072 316 4151 suasum
337 4073 407 4179 est)
429 4073 477 4152 ab
497 4076 641 4153 caeteris
661 4076 813 4169 amicis,
834 4078 986 4183 quoties
1006 4074 1054 4153 de
1073 4074 1210 4154 vestris
1230 4075 1316 4153 riti-

164 4184 236 4263 bus
256 4184 385 4263 nostro
401 4213 511 4263 more
528 4186 770 4294 loquendum
792 4189 878 4266 erit.
916 4186 1115 4293 Exequias
1128 4185 1319 4266 Ludouici

164 4293 320 4404 Regis
307 4326 329 4374 a
347 4315 384 4374 te
404 4295 610 4405 descriptas
631 4298 797 4377 libenter
815 4300 944 4406 lego,
933 4326 974 4375 m
993 4297 1136 4405 quibus
1153 4302 1315 4380 Mercu-

163 4439 260 4488 rrum
288 4428 416 4501 tuum,
445 4436 523 4488 non
548 4409 804 4518 compitalem
837 4411 952 4489 illum
980 4427 1020 4489 et
1043 4410 1314 4492 mercimoniis
