2956 4980
417 236 582 333 Literae
608 242 802 333 Senatus
829 229 1096 367 Anglicani.
1246 277 1324 356 209

134 426 136 431 '
184 411 363 493 Concilio
383 438 617 522 proponere,
634 412 756 491 veluti
774 414 965 491 rationem
985 411 1182 518 quandam
1199 410 1327 518 auspi·

186 523 307 604 candae
320 526 497 604 arctioris
513 523 629 631 hujus
643 525 856 618 Amicitiae,
870 524 979 629 cujus
999 523 1099 602 facta
1119 541 1241 600 tuma
1259 550 1327 600 vo-

188 634 240 715 ltis
256 637 407 716 mentio
427 655 524 729 erat,
544 638 602 717 uti
616 639 713 716 certi
733 665 784 715 ex
804 636 870 714 suo
891 663 1054 745 corpore
1073 635 1325 712 nominaren-
1410 709 1412 713 ,

193 748 326 856 torqui
345 776 391 827 ea
410 776 497 857 quae
515 748 699 829 attuliffet
727 747 972 827 Excellentia
991 747 1113 825 vestra
1133 744 1324 838 audirent,

194 857 440 969 iirperpenfis
459 860 660 940 decorum
683 861 850 940 utilitate
871 861 918 939 ad
933 860 1163 939 Concilium
1183 856 1326 936 referre

257 997 297 1050 m
321 973 500 1080 primum
521 973 677 1082 poffiut,
699 974 764 1050 cui
785 972 911 1051 vestro
934 970 1127 1083 postulato
1151 988 1195 1046 ut
1219 968 1325 1049 satis-

271 1102 426 1166 tcertos
438 1113 489 1164 ex
503 1084 570 1164 suo
586 1112 750 1162 numero
765 1085 993 1163 Concilium
1008 1083 1239 1176 nominavit,
1253 1082 1323 1189 qui

197 1192 469 1277 Excellentiam
491 1195 654 1277 vestram
682 1198 949 1289 convenirent,
970 1196 1077 1304 quod
1097 1211 1137 1272 et
1160 1194 1323 1301 proinde

197 1301 326 1387 fadum
344 1308 402 1388 est
421 1336 637 1417 eorumque
654 1308 742 1386 loco
762 1337 848 1417 quae
867 1308 1120 1417 proponenda
1135 1309 1322 1413 cxpecta-

195 1413 331 1514 bantur,
345 1419 539 1500 Chartam
551 1422 662 1500 illam
676 1418 935 1528 supradictam
947 1418 1162 1526 congreffio
1175 1444 1219 1494 ea
1232 1445 1324 1525 pro·

196 1530 283 1626 tulit,
298 1532 348 1612 ad
367 1560 490 1640 quam
510 1530 735 1642 responsum
755 1530 831 1610 hoc
850 1531 1023 1611 Concilii
1043 1530 1112 1610 est.

235 1644 343 1722 Cum
365 1644 660 1724 Parlamentum
676 1672 720 1722 ea
740 1643 1006 1736 declaraverit,
1022 1642 1222 1748 vestraque
1238 1644 1323 1720 Ex-

190 1754 356 1836 cellentia
376 1755 618 1866 progressum
640 1783 732 1834 eum
751 1754 888 1835 fecerit
903 1756 972 1862 qui
993 1755 1231 1864 supradiclus
1252 1753 1321 1845 est,

186 1887 328 1969 tutatos
342 1896 411 1948 nos
421 1869 511 1964 ess'e,
522 1896 616 1948 cum
629 1866 876 1947 Excellentia
889 1867 1011 1946 vestra
1023 1869 1063 1945 in
1075 1866 1323 1973 colloquium

185 1981 307 2060 venire
327 1983 375 2060 iis
394 1981 443 2060 de
467 1981 581 2062 rebus
601 2006 696 2089 quas
717 1980 885 2059 Domini
907 1982 1008 2086 regis
1029 1979 1143 2059 vestri
1162 1981 1322 2057 nomine

178 2092 470 2203 proposueritis,
483 2093 625 2186 tamde
638 2093 812 2171 amicitia
818 2092 903 2198 jam
915 2092 1070 2201 pridem
1083 2091 1193 2183 inita,
1203 2117 1324 2198 quam

172 2200 220 2284 de
240 2208 407 2285 arctiore
423 2205 606 2299 ineunda,
622 2225 689 2283 aut
704 2205 732 2283 fi
746 2204 841 2312 quid
858 2202 1004 2283 inobis
1017 2201 1131 2307 hujus
1149 2203 1321 2310 Reipub.

169 2319 338 2398 nomine
364 2319 404 2395 in
429 2319 606 2397 medium
632 2313 876 2425 proferetur;
908 2343 1080 2422 cumque
1106 2314 1155 2392 ad
1175 2314 1323 2420 fingula

160 2449 339 2509 ventum
355 2431 443 2521 erit,
458 2431 511 2509 ita
527 2428 861 2539 respondebimus,
879 2448 922 2508 ut
938 2455 1007 2537 par
1023 2427 1093 2519 est,
1109 2443 1321 2531 naturaque

155 2542 229 2620 rei
250 2540 477 2651 postulabit.

257 2665 364 2746 Alba
384 2667 505 2746 Aula.
566 2665 714 2745 Martii
733 2692 798 2745 21.
828 2666 945 2771 1652.

142 3020 462 3110 Parlamentum
501 3029 659 3140 Reipub.
700 3027 870 3135 Angliae,
897 3024 1115 3134 serenifflmo
1150 3025 1327 3133 Principi

270 3142 480 3223 Frederico
502 3139 627 3221 Tertio
650 3141 792 3220 Daniae
813 3139 923 3246 Regi,
944 3139 1021 3219 &a
1044 3137 1231 3215 Salutem.

259 3315 503 3396 Sereniffime
523 3337 563 3395 et
581 3316 843 3425 potentiffime
864 3315 971 3407 Rex,

267 3442 389 3521 Iteras
416 3441 548 3519 vestra
577 3439 795 3544 Majestatis
825 3436 1117 3544 undevigesrmo
1145 3434 1319 3544 proximi

297 3552 533 3633 Decembris
564 3552 611 3631 ad
638 3553 932 3631 Parlamentum
962 3547 1136 3657 Reipub.
1165 3548 1320 3651 Angliae

167 3666 218 3744 ab
233 3690 322 3744 arce
336 3668 444 3772 regia
456 3662 655 3774 Haphniae
670 3663 775 3743 datas
792 3691 861 3771 per
873 3663 1004 3741 virum
1020 3660 1195 3740 nobilem
1209 3661 1317 3738 Hen-

171 3777 292 3859 ricum
317 3775 523 3883 Willemsen
555 3773 775 3882 Rostnwing
801 3774 843 3854 de
866 3771 1054 3882 Lystrcker
1080 3773 1318 3879 accepimus,

170 3915 298 3997 eoque
317 3889 440 3969 animi
459 3887 601 3968 affectu
621 3916 744 3996 quem
763 3913 822 3965 res
843 3885 924 3964 illic
939 3883 1143 3993 propofitae
1164 3909 1318 3961 meren-

170 4020 234 4081 tur
246 3999 498 4080 libentiffime
512 4000 766 4109 perlegimus,
780 3997 1002 4104 Vestraeque
1018 3995 1215 4101 Majestati
1228 4021 1318 4104 per-

168 4110 323 4192 suasum
349 4110 427 4192 hoc
446 4111 520 4192 effe
544 4114 741 4220 cupimus,
768 4109 939 4190 eundem
962 4108 1157 4201 animum,
1179 4106 1317 4184 eadem

167 4225 311 4304 veteris
340 4225 523 4304 amicitiae
554 4224 800 4316 commercii,
834 4249 878 4300 ac
913 4219 1199 4299 neceffitudinis
1232 4245 1318 4324 quae

165 4336 327 4443 Angliae
343 4363 439 4415 cum
459 4336 589 4415 Dania
604 4364 674 4446 per
694 4353 752 4415 tot
771 4360 890 4412 annos
910 4331 1119 4411 interceffit
1137 4329 1317 4408 continu-

165 4447 277 4529 andae
294 4465 336 4528 et
353 4447 619 4528 conservandae
644 4446 767 4527 studia
786 4473 872 4554 quae
893 4445 934 4522 in
954 4442 1159 4547 Majestate
1180 4440 1318 4519 Vestra

228 4585 251 4668 5
764 4583 785 4635 P
