2956 4980
91 237 209 368 Cap.
238 276 307 361 27.
438 232 628 332 Plenior
652 230 904 334 Institutio.
1157 250 1210 360 89

114 408 255 493 Cinn
242 431 377 520 rtaque
396 438 522 520 genus
541 414 728 491 tractetur
747 412 869 491 etiam
892 439 964 522 per
984 411 1144 522 species,
1166 433 1211 495 ut

53 522 255 634 superiore
274 524 412 632 regula
430 523 635 623 docemur,
655 542 695 603 et
714 525 898 632 exempla
921 524 1101 634 specialia
1123 526 1210 636 spe-

53 636 136 717 cies
148 663 289 719 eorum
301 636 374 717 fint
375 663 573 744 quorum
586 636 771 745 exempla
782 636 891 731 sunt
913 634 1007 717 hrne
1019 637 1209 747 sequitur

53 776 157 829 exem
149 748 310 859 ppelas
309 749 369 830 cia
369 748 423 828 lia
439 747 513 854 stro
540 776 671 855 generr
666 748 980 844 accommodata,
1007 749 1117 856 hujus
1146 751 1211 861 effe

53 860 153 941 loci.-
149 767 261 944 psrve
286 888 414 942 unum
432 859 576 955 solum,
596 861 672 942 five
699 887 771 971 per
796 861 1069 942 indudtionem
1096 862 1210 973 plura

54 970 345 1056 adhibeantur.
380 972 598 1083 specialia
587 1000 766 1081 mquam,
794 974 978 1083 exempla
1008 975 1118 1055 enim
1147 976 1210 1055 vel

56 1085 201 1167 finilia
219 1086 321 1180 sunt,
336 1114 424 1195 quae
442 1084 584 1166 fimilia
603 1104 797 1193 arguunt;
827 1087 892 1166 vel
911 1085 1105 1194 specialia,
1125 1115 1211 1196 quae

54 1217 230 1305 arguunt
247 1197 363 1278 suum
386 1224 536 1305 genus;
567 1198 699 1305 qualia
727 1194 917 1278 suerunt
905 1225 947 1277 m
967 1199 1127 1306 singulis
1147 1228 1210 1280 ar-

54 1328 343 1416 gumentorum
372 1309 551 1418 captibus
581 1337 633 1389 ex
662 1309 789 1419 poetis
818 1328 860 1390 et
889 1312 1107 1391 oratoribus
1138 1312 1209 1391 de·

55 1419 227 1531 sumpta.
268 1420 562 1529 Exemplorum
577 1440 711 1501 autem
724 1421 967 1529 specralrum
987 1449 1067 1501 non
1083 1422 1211 1503 solum

56 1533 96 1612 in
117 1532 235 1613 artib.
257 1530 353 1615 cism
377 1532 619 1613 inveniendis
644 1553 732 1614 tum
758 1533 953 1613 tradendis
980 1533 1067 1615 usus
1093 1534 1210 1644 plane

55 1644 111 1725 est
122 1644 355 1727 necessarius
367 1645 478 1751 (nam
488 1645 716 1725 industione
727 1644 1013 1784 exemplorum
1018 1668 1211 1758 praecepta

54 1757 314 1866 colliguntur,
335 1776 375 1838 et
394 1785 533 1837 eorum
560 1755 629 1838 usu
653 1757 909 1864 illustrantur)
930 1755 1069 1838 veritm
1089 1760 1210 1840 etiam

55 1870 96 1949 in
114 1898 231 1951 omm
218 1869 441 1964 sermone,
462 1869 616 1977 quoties
635 1898 695 1949 res
709 1869 842 1949 lucem
861 1869 1062 1950 desiderat.
1124 1873 1210 1953 Cu·

47 1980 227 2088 jusmodi
245 1982 303 2062 est
326 1981 427 2063 illud
452 1983 533 2064 Cic.
562 1981 612 2061 ad
638 1980 842 2061 Atticum:
877 1981 1011 2062 Urbem
1029 2002 1075 2063 tu
1092 1984 1209 2066 relin-

55 2093 186 2203 quas?
215 2096 322 2202 Ergo
336 2092 475 2198 idemfi
489 2093 597 2174 Galli
610 2093 796 2173 venirent.
828 2095 917 2174 Non
935 2093 999 2200 est,
1015 2095 1150 2204 inquit,
1170 2096 1209 2178 in

48 2204 264 2315 parietibus
285 2204 429 2316 respub.
449 2223 494 2286 at
517 2205 556 2286 in
575 2205 656 2285 aris
674 2223 711 2284 et
723 2205 855 2312 focis:
876 2207 979 2316 fecit
998 2206 1090 2286 idem
1111 2204 1210 2288 The-

52 2316 255 2428 mssocles:
271 2318 438 2427 flubium
456 2319 549 2400 enim
563 2318 679 2397 totius
695 2316 1007 2426 barbariaeferre
1025 2317 1117 2398 urbs
1134 2349 1211 2400 una

52 2458 125 2511 non
136 2447 307 2541 poterat.
365 2432 428 2510 At
448 2429 539 2510 idem
564 2429 731 2510 Pericles
753 2459 822 2512 non
832 2430 951 2538 fecit,
976 2432 1212 2539 annumferi

46 2542 131 2652 post
148 2542 494 2653 quinquagesimum,
506 2571 617 2652 quum
629 2560 778 2651 praeter
792 2542 925 2622 maenia
937 2541 1037 2621 nihil
1048 2561 1209 2625 teneret:

54 2654 226 2762 nostriol
187 2683 271 2734 tm
207 2654 373 2734 urbe
386 2653 531 2763 reliqua
545 2673 673 2764 capta,
686 2682 810 2734 arcem
822 2671 944 2734 tamen
958 2653 1209 2737 retinuerunt.

55 2765 142 2846 Hic
156 2766 207 2847 ab
226 2767 413 2875 exemplo
430 2766 617 2875 speciali
607 2793 648 2844 m
668 2784 875 2875 utramque
891 2785 1045 2874 partem
1062 2766 1212 2848 disseri-

56 2896 134 2957 tur.
191 2878 432 2989 Themistocles
451 2877 619 2958 deseruit
638 2877 838 2970 Athenas,·
869 2904 964 2984 ergo
984 2877 1125 2958 urbem
1144 2880 1212 2959 de-

54 2987 180 3069 serere
200 2991 308 3070 licet
353 2989 519 3069 Pericles
535 3017 614 3070 non
633 2987 802 3069 deseruit
815 2991 1015 3080 Athenas·
1044 3017 1117 3070 nec
1132 2993 1210 3070 Ro-

53 3130 159 3181 mam
154 3101 312 3182 Galla}
329 3102 573 3182 venientibus
596 3105 777 3193 Romam
815 3126 910 3207 ergo
933 3100 1024 3179 urbs
1049 3129 1128 3181 non
1153 3102 1211 3182 est

53 3212 281 3296 deserenda.
332 3214 455 3325 Qod
472 3213 500 3292 fi
519 3210 597 3294 hoc
614 3212 735 3293 modo
753 3229 1093 3319 argumentaretur
1117 3215 1210 3295 The·

53 3325 230 3435 mistocles
248 3325 388 3406 urbem
411 3323 587 3433 reliquit,
605 3352 701 3433 ergo
723 3322 828 3404 mihi
849 3324 965 3418 licet;
997 3353 1211 3432 argumen-

54 3457 148 3518 tum
165 3437 260 3519 effet
277 3435 455 3519 afimili.
485 3464 580 3519 nam
598 3432 855 3546 exempla,
816 3464 912 3515 cum
931 3437 980 3515 ad
998 3437 1073 3517 alia
1084 3438 1210 3548 speci-

53 3550 135 3631 alia
149 3551 512 3644 accommodantur,
529 3550 669 3631 fimilia
688 3549 776 3629 sunt
785 3548 852 3628 vel
866 3544 1083 3629 diffimilia.
1114 3551 1211 3631 Hu-

47 3662 118 3770 jus
138 3680 273 3743 autem
299 3662 378 3743 loci
402 3690 449 3741 ea
467 3663 632 3743 demum
651 3660 753 3755 sunt,
778 3689 866 3771 quae
888 3662 1025 3768 generi
1052 3662 1120 3742 suo
1143 3692 1210 3744 ac-

54 3774 376 3855 commodantur.

115 3884 188 3964 Est
220 3904 260 3965 et
293 3887 369 3966 alia
402 3882 672 3994 imperfectior
705 3881 926 3963 distributio
960 3912 1011 3963 ex
1045 3883 1210 3982 effectis,

56 3998 218 4105 quando
230 4017 358 4108 partes
370 4025 449 4077 non
470 3995 557 4076 sunt
576 3995 734 4106 proprie
716 3993 892 4074 effecta
908 3998 1043 4091 totius,
1064 3996 1158 4079 sed
1147 4028 1211 4109 rp-

58 4110 189 4191 sarum
207 4112 396 4219 partium.
450 4111 502 4190 Ut
530 4109 610 4191 Cic.
631 4109 680 4188 de
709 4108 850 4188 senen
902 4110 1125 4190 Nautarum
1143 4110 1216 4191 alii

56 4222 171 4302 malos
178 4221 455 4328 scandunt,
410 4251 436 4302 a
451 4222 482 4301 ii
496 4239 571 4331 per
581 4220 693 4329 soros
722 4219 988 4327 curſstant‚l
943 4252 968 4301 a
983 4253 1010 4302 u
993 4222 1211 4328 ”sentinam

57 4335 316 4428 exhauriunt3
344 4334 577 4443 gubernator
594 4350 718 4414 autern
737 4333 886 4413 clavum
906 4351 1004 4414 tenet
1023 4334 1062 4415 in
1075 4334 1209 4444 puppi.

59 4444 107 4527 In
126 4445 205 4529 hoc
228 4447 416 4558 exemplo
441 4465 571 4527 totum
596 4446 652 4527 est
675 4464 806 4540 nauta,
833 4445 940 4554 quod
960 4445 1017 4525 est
1039 4445 1211 4554 fingulo-
