2956 4980
171 251 246 331 118
574 238 700 332 Artis
725 239 910 368 Logicae
1103 233 1219 331 Lib.
1242 275 1280 330 2.

225 414 299 510 Ut,
316 442 435 494 omne
454 416 600 496 animal
615 416 672 496 est
690 416 901 512 rationale;
923 415 1079 495 nullum
1098 416 1248 495 animal
1266 414 1319 494 est

169 527 368 605 rationale.
409 529 509 607 Haec
529 532 637 608 enim
658 556 735 607 non
755 529 1022 638 contingentia
1042 527 1143 621 sunt,
1165 526 1230 607 sed
1251 556 1319 637 po-

170 638 246 716 tius
275 638 462 731 absurda;
492 643 586 749 quia
614 641 853 750 consequens
882 641 1046 751 speciale
1076 639 1320 719 antecedenti

170 752 342 856 generali
375 755 608 861 generaliter
637 753 877 832 attribuitur.
938 752 1047 832 Falsa
1080 754 1204 861 igitur
1236 779 1320 862 pars

171 882 335 971 utraque
352 866 542 972 generalis
561 865 878 945 contradictionis
895 864 968 944 esse
984 864 1125 975 potest,
1142 892 1236 943 vera
1250 864 1321 944 else

170 1002 250 1054 non
270 978 418 1085 potest;
441 976 581 1058 falsrtas
596 981 745 1088 quippe
761 977 987 1087 multiplex,
1000 979 1143 1057 veritas
1160 1004 1238 1055 una
1252 976 1319 1056 est.

228 1089 390 1169 Axioma
400 1090 565 1199 speciale
583 1091 645 1200 est,
665 1089 807 1201 quando
826 1090 1035 1199 carfiquens
1052 1119 1122 1170 non
1141 1089 1241 1169 amni
1255 1118 1323 1168 an·

171 1200 351 1280 tecedenti
366 1202 608 1283 attribuitur.

229 1314 404 1421 Speciale
423 1315 582 1409 dicitur,
607 1316 700 1423 quia
719 1314 768 1393 de
786 1313 914 1423 specie
933 1314 1065 1420 aliqua
1084 1314 1322 1393 enuntiatur.

173 1426 307 1533 Atque
322 1445 367 1505 ut
380 1429 419 1505 in
434 1428 606 1535 generali
618 1429 815 1506 axiomate
828 1422 1065 1535 consequens
1076 1426 1324 1534 generaliter,

173 1537 248 1617 five
265 1539 376 1617 omni
391 1558 431 1618 et
447 1540 624 1619 universo
637 1541 904 1634 antecedenti;
926 1541 980 1619 ita
1000 1541 1041 1618 in
1062 1537 1221 1648 speciali
1240 1538 1324 1647 spe·

173 1650 338 1743 cialiter,
361 1653 436 1731 five
456 1680 536 1731 non
556 1654 667 1732 omni
686 1651 924 1733 attribuitur.

230 1766 278 1843 In
298 1766 362 1843 dac
381 1767 564 1845 axiomata
582 1765 822 1846 contradictio
831 1765 981 1874 stmper
998 1762 1137 1844 dividit
1155 1791 1287 1843 verum
1303 1760 1327 1840 d

160 1874 239 1983 sal
248 1906 279 1955 o.

234 1988 280 2066 ld
311 1987 367 2066 est
393 1988 568 2097 specialis
598 1987 916 2069 contradictionis
946 2015 1033 2097 pars
1065 2014 1144 2067 una
1175 1985 1329 2096 semper

74 2187 83 2205 ι
176 2126 280 2193 vera,
301 2127 389 2208 pars
408 2101 529 2181 altera
550 2101 703 2210 semper
722 2100 778 2179 est
797 2098 901 2178 falsa.

234 2214 397 2292 Axiama
401 2212 566 2321 speciale
584 2212 632 2321 ell
645 2212 884 2322 particulare
902 2229 973 2291 aut
985 2211 1197 2319 proprium.

235 2325 495 2417 Particulare,
516 2325 658 2437 quando
678 2325 887 2434 carffequenr
905 2349 1085 2403 commune
1103 2322 1335 2404 antecedenti

170 2438 464 2546 particulariter
482 2438 725 2520 attribuitur.

234 2551 303 2629 Est
322 2552 479 2629 axioma
500 2551 663 2660 speciale
683 2550 776 2657 quia
795 2548 844 2628 de
863 2546 989 2657 specie
1009 2545 1156 2654 aliqua,
1176 2546 1272 2625 licet
1289 2573 1331 2624 ea

179 2661 343 2769 quidem
364 2663 510 2742 incerta
530 2683 570 2743 et
595 2662 811 2754 indefinita,
838 2660 1088 2740 enuntiatur:
1120 2657 1332 2768 particula-

178 2773 272 2852 rite'r
291 2794 425 2853 autem
444 2775 682 2884 consequens
705 2772 947 2866 attribuitur,
967 2770 1123 2878 quando
1144 2798 1225 2849 non
1244 2770 1332 2849 uni·

179 2885 288 2965 verso
313 2887 574 2983 antecedenti,
609 2888 672 2967 sed
702 2886 783 2992 ejus
810 2885 929 2964 alicui
959 2883 1060 2993 parti
1091 2882 1331 2963 attribuitur.

179 2999 461 3082 Attributionis
478 3021 612 3081 autem
631 2998 875 3110 particularis
892 3016 991 3075 notae
1009 2995 1084 3074 five
1104 2996 1214 3102 signa
1234 2993 1333 3087 sunt,

179 3109 340 3217 quidam,
354 3114 503 3223 aliquis,
516 3112 727 3222 aliquanda,
744 3109 885 3190 alicubi
888 3138 900 3200 ,·
919 3127 959 3186 et
974 3108 1200 3215 negationes
1213 3134 1335 3213 gene-

179 3222 336 3315 ralium,
358 3226 535 3318 nonnulli,
556 3252 827 3333 nonnunquam,
847 3250 916 3300 non
931 3220 1094 3329 semper,
1113 3249 1184 3299 non
1207 3220 1332 3312 amnis,

180 3351 256 3411 etc.
278 3361 363 3440 quae
383 3338 605 3446 particulari
625 3336 891 3446 aequipollent.
953 3334 1182 3412 Commune
1203 3350 1338 3411 autem

182 3446 419 3554 consequens
440 3448 557 3528 debet
579 3449 676 3545 elle3
708 3478 758 3529 ex
784 3448 850 3525 illa
871 3445 1019 3553 regula.
1080 3443 1339 3551 Consequens

182 3585 386 3666 nunquam
406 3561 537 3641 minus
557 3562 612 3640 est
632 3560 898 3652 antecedente,
912 3557 976 3636 sed
996 3555 1150 3663 semper
1166 3555 1233 3634 vel
1253 3584 1339 3635 ma·

174 3669 239 3775 jus
259 3699 306 3749 eo
326 3672 388 3749 vel
407 3672 542 3752 saltem
562 3674 721 3780 aequale.
769 3669 888 3749 Unde
908 3668 1137 3777 Aristoteles,
1155 3669 1283 3778 prior.
1302 3695 1337 3747 1-.

185 3784 251 3863 28.
272 3803 390 3889 negat
394 3785 595 3890 stngulare
612 3785 654 3865 de
672 3786 744 3864 alio
755 3781 975 3892 predicari.

241 3896 428 4002 Sequitur
447 3925 551 3975 nunc
571 3897 828 3976 contradidio
848 3892 1159 4001 particularium.

240 4008 346 4084 Huic
365 4027 487 4088 autem
504 4009 685 4089 axiomati
695 4007 924 4115 generaliter
944 4001 1232 4085 contradicitur.

240 4117 403 4225 Aliquid
409 4119 656 4224 r'gnascendum
668 4122 736 4228 est;
753 4120 849 4199 nihil
860 4115 1106 4223 ignoscendum
1118 4114 1194 4223 est:
1210 4114 1340 4225 aliqua

185 4230 375 4310 clementia
387 4261 455 4310 nan
468 4233 515 4338 est
528 4232 714 4313 laudanda
722 4265 735 4326 ,·
750 4231 862 4311 omnis
874 4228 1063 4309 clementia
1074 4226 1123 4336 est
1133 4225 1337 4309 laudanda.

185 4344 269 4423 Hic
282 4344 506 4450 particulari
519 4346 725 4438 affirmato,
743 4342 922 4451 generale
935 4361 1143 4449 negatum3
1160 4360 1202 4420 et
1218 4339 1337 4450 parti·

185 4458 306 4535 culari
322 4475 476 4563 negato,
483 4458 663 4564 generale
677 4458 916 4537 affirmatum
928 4454 1157 4564 opponitur.
1186 4450 1336 4565 Qodfi
