2956 4980
397 109 560 204 Literae
585 112 777 205 Senatus
804 105 1073 239 Anglicani.
1238 121 1293 206 22'
1296 154 1317 233 3

164 308 299 373 torum
324 291 547 373 nostrorum
574 292 657 373 illic
685 312 936 401 procuratore
962 293 1090 374 delata
1117 321 1244 404 nuper
1274 297 1323 377 ad

163 431 235 485 nos
254 405 329 513 est)
350 405 406 484 ita
429 405 723 486 Parlamentum
743 405 898 485 summo
918 406 1084 485 viciffim
1106 406 1235 488 studio
1253 411 1324 488 da-

159 516 223 597 bit
252 520 434 629 operam,
465 515 774 626 quotiescunque
801 517 951 597 occafio
981 518 1150 612 dabitur,
1185 539 1229 599 ut
1259 521 1324 600 sua

158 631 303 709 omnia
322 629 477 708 fincerae
494 630 677 709 amicitiae
696 651 813 737 atque
833 628 1112 711 benevolentia
1132 631 1261 712 officia
1282 634 1323 711 in

159 741 459 822 Celfitudinem
478 742 645 821 vestram
665 741 784 822 solide
809 742 981 820 constare
1004 743 1170 851 poffint3
1202 771 1323 850 quam

156 852 267 933 adel>
298 855 439 934 divinae
466 853 701 961 benignitati
724 874 841 963 atque
866 855 995 933 tutelae
1018 856 1323 936 commendatis-

156 965 306 1046 iimam
325 965 412 1044 vult
432 965 519 1044 else.

253 1078 375 1158 Datis
389 1079 446 1156 W
439 1077 697 1186 estmonasterio
716 1075 772 1157 die
793 1075 974 1159 Novemb.
998 1080 1116 1184 1652.

332 1188 560 1300 Subscripfit
580 1205 619 1268 et
639 1190 825 1298 Sigillum
845 1188 1020 1297 Reipub.
1042 1191 1322 1299 apponendum

773 1320 924 1380 curavit

513 1410 1321 1521 ProlocutorParlamentiReipub.Angliae.

172 1793 456 1873 Parlamentum
475 1788 634 1898 Reipub.
656 1788 813 1895 Angliae
834 1788 1053 1895 Serenffmo
1079 1809 1117 1870 et
1137 1791 1325 1900 Potentis-

412 1902 509 2007 fimo
530 1901 708 2010 Princtpi
724 1902 862 1981 Daniae
882 1903 993 2009 Regi,
1014 1921 1091 1983 etc.

260 2066 506 2147 Sereniffime
525 2086 565 2145 et
585 2064 852 2145 Potentilfime
875 2067 979 2159 Rex,

260 2191 525 2271 Arlamentum
537 2187 862 2297 RetpubAngliae
881 2188 1089 2298 postquam
1107 2189 1260 2299 accepit
1279 2189 1329 2269 ab

288 2301 394 2381 illius
420 2300 557 2381 Claffis
592 2299 779 2380 Praefeeto
811 2328 897 2408 quae
921 2328 1045 2409 nuper
1067 2303 1116 2381 ad
1142 2302 1329 2409 Hafniam

176 2412 393 2521 Majestatis
408 2413 555 2493 Vestrae
575 2434 734 2520 portum
752 2412 862 2492 milla
880 2412 950 2506 est,
971 2434 1016 2493 ut
1037 2414 1198 2493 navibus
1215 2415 1329 2494 Mer-

176 2544 357 2606 catorum
377 2526 600 2605 nostrorum
619 2526 710 2604 inde
734 2524 987 2605 redeuntibus
1011 2527 1177 2608 domum
1201 2526 1329 2636 praefi-

176 2637 242 2718 dio
255 2637 370 2733 effet5
391 2638 583 2750 praedietis
599 2637 761 2717 navibus
775 2637 1004 2747 permissum
1017 2667 1095 2718 non
1107 2639 1181 2718 elle
1198 2639 1329 2719 secum

177 2749 390 2845 discedere;
406 2746 546 2830 verbm
560 2749 642 2829 illic
654 2749 872 2856 Majestatis
882 2749 1137 2855 Vestraejulsu
1153 2752 1328 2844 retineri;

182 2863 383 2971 productis
403 2862 523 2943 etiam
544 2861 592 2942 ab
612 2891 660 2941 eo
680 2862 802 2942 literis
823 2864 947 2969 Regis
968 2863 1132 2941 vestram
1154 2863 1265 2941 eain
1290 2890 1332 2942 re

179 2975 411 3054 sententiam
424 2973 723 3068 declarantibus,
739 2992 855 3080 negat
867 2974 1080 3083 explicatas
1093 2976 1133 3052 in
1151 2975 1197 3053 iis
1209 2976 1332 3055 literis

179 3089 346 3167 rationes
366 3112 437 3168 cur
456 3100 571 3167 naves
594 3086 669 3165 illae
694 3088 934 3167 retineantur
958 3088 1037 3166 ulla
1059 3088 1100 3165 in
1128 3105 1237 3196 parte
1262 3087 1333 3167 fibi

183 3197 423 3280 satisfacere:
446 3218 489 3278 ut
508 3199 632 3306 igitur
652 3200 692 3277 in
713 3227 753 3277 re
776 3201 873 3277 tanti
893 3197 1007 3307 plane
1022 3199 1215 3279 momenti
1231 3227 1335 3306 quae-

179 3336 255 3418 que
276 3311 325 3392 ad
345 3310 577 3420 prosperum
596 3310 796 3419 utriusque
813 3311 954 3390 Gentis
973 3312 1114 3390 statum
1132 3310 1332 3422 tantopere

181 3422 368 3503 conducit
393 3423 607 3530 sequuturo
632 3421 784 3502 fortasse
810 3422 950 3527 majori
975 3425 1151 3532 cuipiam
1179 3426 1335 3504 incom-

179 3533 301 3620 modo
313 3531 505 3615 maturilrs
521 3554 762 3628 occurratur,
778 3535 1174 3616 mifitParlamentum
1188 3538 1333 3616 Virum

180 3645 482 3727 illustrissimum
502 3667 543 3726 et
562 3647 739 3755 spectatae
759 3645 850 3725 fidei
872 3646 1103 3727 Richardum
1122 3647 1334 3752 Bradfhaw

182 3759 443 3867 Armigerum,
459 3758 680 3866 Hamburgi
690 3761 917 3851 Oratorem,
934 3761 1003 3867 qui
1021 3760 1159 3838 itidem
1176 3758 1223 3838 ad
1237 3759 1334 3839 Ma-

175 3868 357 3974 jestatem
377 3870 558 3951 Vestram
576 3871 755 3951 Oratoris
785 3898 929 3950 munus
958 3871 1136 3980 impleat,
1167 3899 1261 3951 cum
1286 3873 1334 3953 iis

181 3980 320 4063 diserte
340 3983 549 4076 mandatis,
570 4003 615 4062 ut
634 3983 682 4062 de
703 3982 887 4091 praedicto
906 3985 1066 4091 negotio
1089 4002 1204 4092 agat:
1236 3983 1335 4064 Ves-

182 4112 363 4204 tramque
382 4093 481 4175 adeb
502 4121 686 4203 rogamus
707 4095 958 4199 Majestatem
977 4095 1109 4176 eidem
1127 4096 1223 4176 velit
1237 4097 1337 4176 Viro

180 4225 220 4285 et
250 4235 390 4288 aurem
428 4206 641 4315 benignam
674 4226 714 4286 et
745 4205 866 4287 fidem
906 4208 1081 4317 amplam
1115 4206 1336 4318 perhibere,

180 4318 376 4428 quicquid
395 4316 509 4429 super
532 4318 610 4398 hoc
635 4320 796 4427 negotio
818 4320 963 4400 Vestrae
983 4320 1182 4425 Majestati
1207 4319 1338 4400 nostro
