2956 4980
160 252 240 308 222
398 214 559 309 Literae
586 217 778 309 Senatus
804 209 1076 343 Anglicani.

159 419 234 478 tuae
259 395 340 477 tam
363 395 561 506 auspicato
580 414 717 505 coeptae
736 394 912 476 studium
931 396 1096 476 uberem
1115 394 1194 474 effe
1212 394 1309 474 exis·-

160 512 298 603 timat;
320 509 456 617 suique
471 508 569 588 aded
580 508 703 588 officii
714 509 825 588 ducit
836 508 926 602 effe,
939 508 994 588 ob
1007 527 1220 617 acceptum
1232 526 1308 588 tarn

159 621 385 731 opportund
414 620 651 700 beneficium
682 620 763 726 ejus
787 619 989 728 Majssati
1012 621 1156 729 gratias
1185 646 1312 728 agere,

159 736 404 842 vestramque
425 752 538 840 rogat
553 733 842 812 Excellentiam
863 731 1011 812 nt'hoc'
1022 731 1124 839 Regi
1124 732 1200 838 suo
1216 731 1326 812 sere—

160 848 316 926 niffimo
331 846 426 925 velit
442 847 573 954 primo
585 873 744 953 quoque
760 864 939 954 tempore
952 844 1185 952 fignificare,
1199 846 1339 952 eique

160 958 383 1068 persua-sum
404 957 564 1037 reddere
585 958 869 1038 Parlamentum
889 955 1047 1066 Reipub.
1066 957 1226 1064 Angliae
1244 984 1349 1065 pa—

160 1090 289 1151 ratum
309 1071 461 1178 semper
480 1068 564 1148 fore
586 1072 693 1178 paria
712 1071 896 1150 amicitiae
915 1088 1033 1178 atque
1055 1067 1349 1148 humanitatis

160 1183 289 1262 officia
308 1182 437 1261 oblata
456 1181 593 1290 quivis
612 1182 809 1262 occasrone
830 1179 987 1262 referre.

246 1298 347 1375 Dat.
364 1293 671 1404 Westmonasterio
688 1320 731 1373 11
754 1292 935 1374 Novemb.
950 1296 1031 1373 An.
1047 1290 1163 1372 Dom.
1193 1293 1294 1397 1652

330 1405 560 1514 Subscripfit
577 1425 617 1485 et
638 1407 812 1486 Concilii
828 1406 1013 1513 Sigillum
1032 1404 1349 1514 apponendun:

389 1519 540 1599 curavit
556 1519 773 1600 Guilielmus
784 1519 958 1626 Masham
971 1518 1146 1597 Concilii
1160 1515 1349 1596 Praese=

161 1915 444 1996 Parlamentum
464 1914 622 2023 Reipub.
639 1915 808 2022 Angliae,
827 1914 1047 2022 Serenffmo
1060 1915 1243 2025 Princtpi
1254 1914 1326 1995 D·

216 2024 467 2218 llzppdgnando
492 2026 666 2120 Secundo,
693 2028 840 2135 Magno
859 2029 971 2108 Duci
993 2027 1212 2122 Hetrurr'ae,
1245 2030 1349 2107 Sa·-

245 2301 488 2381 Serenissime
510 2302 712 2410 Princeps,
733 2300 878 2381 Amice
897 2297 1150 2393 Chariffime,

248 2414 524 2493 Arlamentum
545 2414 719 2521 Reipub.
740 2414 897 2520 Angliae
916 2414 1044 2492 literas
1063 2411 1196 2491 vestrae
1216 2410 1349 2490 Cela

273 2526 447 2605 fitudinis
462 2526 630 2633 Augusti
644 2526 809 2631 septimo
829 2526 999 2616 decimo,
1023 2524 1224 2604 Florentii
1243 2523 1349 2602 da*

160 2654 230 2728 tas,
245 2638 419 2743 accepit:
443 2639 483 2715 in
503 2638 646 2744 quibus
666 2638 715 2716 de
731 2637 972 2716 restitutione
989 2637 1097 2741 navis
1111 2635 1349 2742 cujusdanfl

159 2749 289 2856 agitur
314 2749 432 2856 oryzd
456 2748 612 2843 onustae,
643 2776 729 2858 quae
758 2750 865 2828 navis
888 2747 910 2828 ὲ
938 2749 1141 2856 capitaneo
1174 2747 1349 2828 Cardia

161 2858 400 2966 Liburnienfi
417 2861 656 2940 venditatur.
718 2863 771 2940 Et
789 2862 969 2968 quamvis
994 2860 1033 2939 in
1059 2859 1190 2938 nostra
1208 2861 1349 2939 Am*

161 2974 360 3053 miralatus
373 2974 481 3053 curid
495 2992 629 3053 contra
644 2973 873 3081 praedictum
885 2970 1066 3054 Cardiam
1079 2973 1120 3050 in
1135 2973 1182 3053 ea
1198 2973 1349 3053 causi„

161 3084 348 3165 sententia
368 3085 559 3190 Judicum
590 3086 665 3164 lata
688 3084 773 3189 jam
803 3087 862 3180 fit,
892 3104 932 3167 et
960 3085 1064 3194 apud
1095 3083 1311 3192 Delegatos

159 3198 386 3304 provocatio
407 3219 493 3276 tum
519 3198 720 3308 penderet,
746 3217 876 3277 tamen
896 3225 991 3277 cum
1011 3196 1088 3277 hoc
1109 3197 1310 3277 Celfitudo

161 3309 286 3390 vestrd
305 3328 426 3419 petat,
449 3311 760 3404 Parlamentum,
776 3339 857 3418 quo
876 3328 958 3390 tam
978 3310 1096 3389 amici
1118 3310 1312 3416 Principis

161 3421 474 3502 benevolentiam
494 3450 539 3502 ac
560 3422 880 3502 neceffitudinem
905 3423 1044 3530 quanti
1064 3419 1182 3502 facia-t
1203 3422 1310 3502 testi-

162 3533 269 3614 ficari
291 3534 417 3643 poffit,
440 3535 641 3614 mandavit
659 3533 802 3641 quibus
821 3561 923 3615 curae
942 3562 987 3614 ea
1007 3561 1065 3614 res
1084 3534 1155 3628 est,
1178 3553 1222 3613 ut
1236 3562 1311 3613 na·

160 3647 219 3726 vis
243 3646 311 3727 illa
333 3675 427 3726 curn
454 3647 586 3755 oryzd,
612 3647 674 3725 vel
698 3646 833 3727 saltem
860 3647 942 3752 ejus
960 3647 1112 3752 justum
1137 3648 1312 3755 pretium

161 3760 344 3870 praedioo
365 3759 583 3867 Capitaneo
605 3758 743 3839 Cardio
766 3759 972 3854 reddatur3
1000 3759 1111 3864 cujus
1135 3759 1310 3838 mandati

162 3870 336 3952 frustum
357 3891 584 3980 procurator
609 3870 690 3976 ejus
718 3871 823 3980 apud
847 3899 916 3951 nos
940 3898 982 3950 re
1008 3871 1092 3980 ipsa
1107 3869 1195 3976 jam
1221 3899 1311 3980 per·

160 3987 279 4091 cepit.
345 3987 399 4063 Et
427 3982 769 4091 quemadmodum
804 3983 1007 4064 Celsrtudo
1037 3982 1160 4063 vestra
1198 3982 1312 4062 suum

160 4096 324 4174 navibus
343 4096 569 4203 Anglorum
590 4096 629 4173 in
651 4115 765 4203 portu
786 4092 1028 4200 Liburnienſs
1046 4095 1312 4204 patrocinium

160 4227 277 4316 atque
305 4207 468 4287 tutelam
495 4205 665 4315 benigne
691 4208 896 4315 praebendo
922 4207 1220 4288 Parlamentum
1244 4207 1313 4286 fibi

161 4317 401 4428 magnopere
417 4321 597 4400 devinxit
618 4319 744 4425 (cujus
765 4322 820 4400 rei
840 4320 954 4428 gestae
974 4319 1143 4400 narratio
1161 4339 1244 4399 tam
1264 4317 1312 4398 ab

163 4435 329 4514 Oratore
350 4429 416 4512 hic
436 4432 576 4525 vestro,
600 4428 721 4539 quam
741 4429 763 4511 *a
785 4434 919 4513 Carolo
940 4429 1144 4541 Longland
1161 4458 1315 4512 merca·
