2956 4980
340 263 504 359 Litcrae
529 266 721 358 Senatus
748 258 967 394 Aglicani
1168 304 1189 360 2
1196 306 1217 388 3
1224 304 1247 389 5

140 480 142 504 ·
177 438 354 546 portoria
388 436 578 518 Mercium
612 438 853 544 Belgicarum

140 547 856 658 ueinPerſsdeautnavibusimpofitae

140 677 197 754 nt,
210 678 279 740 aut
289 661 332 740 in
345 678 490 741 terram
502 661 685 769 expofitae
695 661 855 745 abanno

140 773 221 875 i24.
236 791 355 880 prout
368 771 513 853 nobisi
528 776 641 880 Rege
649 773 855 880 Perstrrum

140 883 317 965 nceffum
343 904 440 979 erat,
460 913 547 995 quae
573 887 736 965 minoris
755 884 855 965 aesti-

140 1024 202 1077 are
217 1022 297 1076 non
311 995 512 1107 poffumus
525 1008 649 1105 q'uam
665 998 855 1104 Odiogies

140 1108 268 1189 illenis
288 1108 418 1215 Regiis
477 1168 849 1189 ......

151 1248 193 1328 5.
221 1218 536 1301 Satisfaffionem
546 1220 789 1330 postulamus
800 1222 853 1302 ob

140 1351 265 1412 iatuor
291 1331 389 1413 aedes
417 1331 711 1414 malitiofiffime
731 1353 771 1413 et
790 1333 852 1413 in·

140 1441 292 1524 uiffime
327 1444 527 1553 Joccutrae
560 1445 746 1539 incensas,
778 1443 856 1526 uni

140 1583 190 1636 m
208 1557 408 1639 mercium
428 1553 647 1666 Apothecis
666 1555 854 1666 repofito·

141 1695 160 1748 s
186 1685 227 1747 et
250 1666 513 1777 apparatibus,
536 1669 603 1749 cui
626 1668 684 1749 rei
710 1670 857 1750 Praetor

140 1780 180 1859 ic
208 1780 384 1887 Belgicus
402 1778 645 1861 occafionem
664 1779 788 1875 dedit,
808 1780 857 1862 de

140 1891 242 1972 tibus
270 1892 455 1972 omnibus
488 1919 617 1974 exeo
651 1891 735 2002 ipso
768 1891 858 1974 loco

140 2004 283 2085 rtiores
311 2003 443 2114 postea
463 2002 557 2084 fani
580 2004 713 2085 sumus
732 2032 853 2112 quam

139 2118 246 2196 iores
263 2115 439 2223 querelas
452 2113 771 2210 exhibueramuS,
783 2144 856 2196 cu-

140 2228 331 2309 sdamni
368 2228 522 2308 summa
559 2228 617 2309 est
654 2228 856 2309 ducenties

140 2271 308 2421 illenum
328 2340 529 2449 Regiorum
626 2400 637 2419 .
699 2398 712 2418 .
773 2400 783 2420 .

152 2453 195 2531 6.
224 2449 538 2532 Satisfaciionem
549 2451 792 2562 postulamus
804 2451 856 2533 ob

140 2563 236 2690 ,899
258 2563 401 2643 Libras
420 2564 563 2673 piperis
581 2592 631 2645 ex
656 2592 753 2644 nave
775 2566 858 2644 En-

140 2675 248 2755 rrione
266 2704 306 2753 vl
295 2675 469 2756 'ablatas
488 2705 583 2757 anno
609 2678 726 2782 1649.
748 2676 858 2783 cujus

140 2816 233 2867 imm
222 2787 406 2869 summa
425 2789 482 2869 est
555 2842 854 2868 .....

940 1135 1077 1189 20000
1137 1138 1162 1192 0
1221 1137 1247 1189 0

944 2365 1081 2448 50000
1139 2367 1164 2419 0
1222 2369 1248 2420 0

140 3387 351 3467 ummarium
380 3388 615 3468 Damnorum
639 3387 781 3497 aliquot
802 3386 1096 3497 particularium
1121 3385 1252 3496 quibus

155 3498 316 3580 etrumci
344 3500 504 3607 Belgica
525 3500 741 3581 Orientalis
767 3500 888 3580 Indiae
912 3498 1105 3581 Societate
1124 3498 1255 3609 afflffii

140 3609 290 3718 stemus

178 3775 413 3965 PRopter
433 3772 576 3854 damna
595 3802 681 3882 quae
700 3802 771 3885 per
790 3802 856 3854 eos

287 3883 537 3994 fecimusque
525 3887 777 3968 Bantamum
786 3885 858 3967 ob-

140 3999 296 4092 derunt,
322 3999 436 4079 unde
453 3996 605 4079 facium
634 3997 691 4080 est
717 4018 763 4079 ut
787 4024 859 4128 per

140 4140 166 4192 x
186 4139 307 4192 annos
327 4111 535 4192 continuos
554 4140 602 4192 eo
614 4111 856 4191 commercio

140 4223 247 4304 clufi
271 4222 402 4318 fimus,
423 4240 463 4303 et
487 4223 768 4331 consequenter
790 4249 858 4302 oc·

140 4337 251 4417 issone
272 4335 484 4417 sexcenties
505 4336 615 4415 mille
646 4335 795 4443 Regios
819 4334 859 4412 in

140 4449 320 4530 r'e'mendo
345 4448 480 4558 pipere
507 4448 661 4528 locandi
690 4463 860 4558 prorata
