2956 4980
116 229 236 364 Cap.
261 270 328 327 21.
422 229 610 328 Plenior
637 226 884 329 Institutio,
1183 249 1236 349 69

76 406 183 485 ultra
203 434 293 486 eam
313 408 545 515 qualitatem
570 437 692 516 quam
718 408 758 486 in
779 408 949 517 utrisque
971 412 1136 491 eandem
1160 411 1234 490 effe

74 520 325 628 propofitum
341 519 564 601 affimilanti
580 540 661 600 erat
673 520 874 601 ostendere
890 552 899 600 ε
927 523 977 601 fic
989 522 1235 630 magistratus

75 630 310 711 affimilatur
340 633 444 726 cani,
475 632 553 713 sola
581 634 773 711 nimirum
805 632 993 713 fidelitate
1026 635 1232 715 custodia:

76 743 182 820 unde
203 743 271 824 illa
297 744 336 823 in
358 741 514 838 scholis,
534 746 675 824 nullum
681 745 803 850 ſsmile
829 746 877 853 est
903 743 1007 840 idem,
1018 748 1141 851 stmilc
1165 776 1234 827 non

75 856 203 934 currit
223 875 384 966 quatuor
391 855 561 965 pedibus,
581 857 808 960 amnefimile
827 855 1027 937 claudicat.

135 969 290 1048 Similia
311 995 414 1047 nunc
435 971 537 1049 notis
557 968 711 1049 brevius
729 969 964 1063 indicantur,
986 997 1090 1049 nunc
1110 971 1232 1078 parti-

76 1077 149 1158 bus
166 1081 322 1188 plenius
337 1080 654 1188 distinguuntur3
685 1079 761 1160 hoc
774 1081 882 1160 enim
896 1085 1131 1191 comparatis
1144 1112 1233 1162 om·

75 1192 193 1271 nibus
217 1219 433 1272 commune
461 1192 531 1271 est.
593 1192 711 1273 Notae
735 1193 999 1274 fimilitudinis
1026 1200 1233 1276 contraaae

74 1332 160 1413 quae
180 1333 249 1384 una
268 1304 380 1384 verba
400 1304 646 1396 concluditur,
668 1305 755 1384 sunt
775 1305 836 1383 vel
858 1306 1046 1385 fimilium
1065 1309 1232 1415 propriae

73 1416 139 1494 vel
166 1416 414 1496 diffimilium
439 1417 678 1524 negationes.
741 1418 911 1525 Propria
936 1418 1125 1497 fimilium
1145 1419 1231 1499 sunt

73 1529 139 1606 vel
155 1530 331 1622 nomina,
347 1549 391 1609 ut
389 1529 539 1634 similis,
556 1527 702 1636 effigies,
719 1528 854 1634 imago,
867 1557 978 1623 more,
991 1529 1087 1623 ritu,
1102 1530 1232 1639 instar,

75 1640 115 1719 in
125 1640 294 1732 modum,·
324 1641 387 1720 vel
402 1639 599 1734 adverbia,
615 1659 807 1750 tanquam,
821 1642 955 1734 veluti,
972 1642 1232 1751 quaspſscun}

74 1752 140 1832 vel
159 1753 291 1846 verba,
315 1753 473 1847 imitari,
493 1753 652 1862 referre,
673 1756 749 1832 διε.
812 1779 826 1829 1
854 1753 1002 1833 AEneid.
1027 1757 1081 1833 Os
1104 1755 1231 1836 hume-

73 1863 202 1976 rosque
216 1866 449 1970 De'afimilis.
482 1863 632 1972 Philip.
648 1892 688 1969 9.
719 1867 940 1973 Quanquam
953 1866 1094 1944 nullum
1107 1897 1232 1948 manu-

73 1996 236 2057 mentum
248 1978 390 2058 clarius
398 1977 555 2057 Servius
570 1976 753 2084 Sulpitius
764 1976 970 2086 relinquere
975 1978 1114 2086 potuit,
1122 1979 1233 2089 qudm

73 2088 227 2198 effigiem
251 2120 391 2170 morum
406 2090 579 2196 ficorum,
611 2089 784 2182 virtutis,
812 2089 1038 2197 carfiantiae,
1060 2092 1230 2198 pietatis,

73 2201 228 2310 ingenii,
234 2202 378 2310 filium.
417 2202 578 2281 1Trist.

132 2369 306 2476 Namque
324 2397 368 2447 ea
385 2369 452 2447 vel
465 2397 577 2462 nemo,
602 2369 669 2448 vel
682 2368 750 2478 qui
763 2368 855 2447 milri
869 2369 1030 2448 vulnera
1035 2369 1153 2477 fecit,

194 2481 302 2559 Solus
320 2480 490 2561 Achilleo
509 2482 635 2561 tallere
652 2510 749 2559 mare
762 2480 890 2589 petest.

133 2655 180 2732 In
203 2653 278 2733 Pis.
314 2656 416 2735 Unus
436 2655 497 2734 ille
515 2654 589 2735 dies
608 2656 699 2734 mini
714 2655 854 2765 quidem
875 2656 992 2764 instar
1012 2656 1230 2737 immertali-

71 2766 168 2845 tatis
171 2767 277 2874 fuit,
298 2797 365 2877 quo
385 2769 424 2847 in
436 2768 607 2875 patriam
627 2767 733 2847 redii.
797 2770 836 2845 V
830 2797 907 2845 err.
929 2795 962 2848 1.
996 2766 1071 2846 Sed
1084 2786 1231 2876 repente

71 2879 93 2957 ὲ
111 2877 260 2986 vestigio
278 2909 324 2957 ex
340 2880 490 2971 lomene,
505 2898 681 2990 tanquam
697 2879 818 2988 aliqua
827 2881 956 2987 pocula
971 2880 1004 2956 C
1005 2879 1129 2972 ircceo,
1131 2879 1229 2984 fiac·

71 3008 136 3070 tus
155 2991 204 3099 est
226 2993 374 3072 Verres.
437 2993 514 3070 Pro
534 2993 621 3100 lege
638 2990 779 3071 Manil.
802 2993 936 3099 Itaque
954 3019 1070 3069 amnes
1088 2989 1229 3099 quidem

71 3131 172 3183 nunc
191 3102 230 3182 iu
250 3103 307 3182 lais
325 3104 411 3183 lacis
432 3106 507 3182 Ea.
532 3103 756 3212 Pompeium,
768 3102 875 3204 ficut
893 3091 1068 3211 aliquem,
1091 3131 1160 3182 nou
1184 3133 1230 3183 ex

71 3214 147 3293 hac
165 3213 257 3299 urbe
273 3214 427 3324 mifflcm,
434 3214 510 3322 fid
522 3215 565 3295 de
585 3217 670 3295 calo
690 3213 871 3323 delapstcm
891 3214 1098 3293 intuentur.
1140 3216 1183 3293 N
1187 3244 1229 3294 e·

69 3327 253 3433 gationes
272 3327 519 3406 diffimilium
539 3328 641 3420 sunt,
665 3324 902 3432 haudstcus,
918 3356 988 3406 non
1006 3326 1134 3419 ala‘tcr,
1158 3357 1229 3408 non

71 3437 260 3544 absimilis,
281 3458 353 3518 etc.
404 3438 553 3520 AEncid.
579 3468 616 3546 3.
650 3439 773 3519 Haud
773 3439 885 3544 stcus
903 3468 949 3519 ac
956 3437 1052 3544 Juffl
1051 3437 1227 3542 fhciuut.

75 3547 230 3630 Terent.
252 3552 290 3631 in
304 3552 420 3634 Plzar.
444 3555 525 3658 Ego
545 3552 605 3661 ssa·
620 3550 827 3658 nihilastem
846 3551 975 3644 aliter,
991 3551 1128 3659 acsui.

131 3662 198 3742 Ad
210 3666 449 3743 contractam
463 3663 727 3743 fimilitudinis
741 3663 911 3743 formam
923 3663 1093 3772 pertinet
1106 3663 1229 3742 etiam

70 3773 331 3884 metaphora:
354 3774 584 3884 metaphora
597 3777 719 3868 enim,
735 3795 777 3854 ut
790 3775 932 3854 docent
948 3773 1161 3869 Rhetores,
1173 3775 1229 3854 est

71 3886 121 3966 ad
142 3914 268 3967 unum
285 3887 451 3966 verbum
468 3892 665 3968 contentia
686 3887 901 3967 fimilitudo
919 3887 995 3964 sme
1017 3888 1119 3965 notis
1139 3888 1230 3994 qui·

70 4000 182 4092 dem,
206 4027 293 4107 quae
314 4019 444 4078 tamen
466 4001 756 4107 intelliguntur.
818 4001 895 4078 Pro
918 3998 1006 4107 Sest.
1031 3997 1149 4105 Cujus
1168 4029 1231 4106 ego

64 4128 219 4220 patrem
238 4113 364 4192 Deum
383 4131 495 4221 atque
507 4130 702 4221 parentem
718 4112 847 4221 statuo
862 4112 1040 4218 fortunae
1060 4111 1230 4218 nominis·

69 4253 141 4335 que
160 4223 243 4303 mei.
268 4224 294 4302 i.
309 4251 345 4301 e.
367 4243 545 4335 tanquam
566 4227 703 4307 Deum.

131 4334 393 4417 Similitudinis
415 4355 547 4446 partes
572 4337 735 4445 deinceps
761 4336 1012 4444 explicantur,
1034 4356 1070 4416 ct
1089 4333 1229 4443 qus'dem

71 4447 255 4553 disjuntll
275 4450 340 4528 vel
355 4450 536 4530 continui.
