2956 4980
165 295 214 350 12
568 257 696 352 Artis
721 258 907 388 Logicae
1100 250 1209 350 Lib.
1234 295 1269 347 r.

216 432 364 539 Neque
391 431 499 510 aliud
518 431 574 510 est
591 432 804 541 Arssatelr}
826 434 1027 511 decantata
1050 428 1118 508 illa
1141 429 1302 507 demon-

159 543 307 637 stratio,
327 540 448 652 quim
467 571 546 650 qua
564 542 753 623 effeetum
772 546 964 652 arguitur,
988 542 1190 650 probatur,
1214 567 1303 647 cog·

158 656 344 749 noscitur,
363 656 539 763 ponitur,
559 685 611 735 ex
629 657 742 736 causa
761 657 907 765 pofita3
927 656 1192 765 quodcunque
1211 652 1304 732 illud

158 769 322 848 demum
337 767 457 847 causae
475 795 601 875 genus
620 769 667 847 fit
684 801 694 850 :
727 790 771 849 ut
785 766 881 849 clun
898 767 1040 847 rifibile
1054 766 1241 874 probatur
1258 791 1304 842 ex

158 880 352 973 rationali,
376 882 543 990 quippe,
568 883 697 961 omnis
721 879 844 962 homo
864 880 921 960 est
939 878 1107 970 rifibilis,
1129 877 1224 985 quia
1248 904 1305 955 ra-

159 993 340 1072 tionalis:
371 989 497 1101 eoque
517 995 591 1071 erit
609 993 752 1072 clarior
777 992 1072 1083 demonstratio,
1099 1017 1180 1097 quo
1199 988 1305 1068 causa

159 1106 317 1196 certior,
336 1108 512 1212 propior,
533 1105 785 1214 praestantior.

216 1213 341 1322 Causa
368 1216 417 1324 ιβ
444 1216 598 1325 efficiens
624 1235 662 1296 et
688 1218 863 1309 materia,
893 1233 963 1295 aut
979 1213 1115 1321 forma
1141 1230 1179 1291 et
1197 1210 1303 1320 finis.

160 1329 246 1406 Cur
265 1328 317 1407 fic
332 1327 443 1408 ca'usa
458 1329 654 1408 dividatur
666 1330 772 1436 quafi
788 1335 829 1409 in
845 1329 926 1408 duo
944 1354 1085 1434 genera
1100 1351 1305 1430 anonyma,

159 1437 262 1519 infrd
280 1440 322 1518 in
341 1439 517 1520 doctrina
535 1440 818 1523 distributionis
838 1440 993 1521 facilius
1013 1438 1266 1544 intelligetur.

209 1558 323 1664 Qot
341 1573 474 1632 autem
495 1553 623 1633 modis
643 1554 806 1661 alicujus
825 1557 867 1633 vi
885 1581 945 1631 res
964 1550 1035 1644 est,
1056 1568 1115 1630 tot
1128 1548 1203 1628 effe
1222 1548 1305 1657 spe-

158 1663 239 1744 cies
266 1663 388 1743 causae
415 1665 663 1745 statuendum
689 1667 757 1745 est.
815 1665 952 1744 Modis
981 1683 1115 1743 autem
1142 1679 1308 1769 quatuor

157 1775 321 1881 alicujus
338 1776 379 1854 vi
399 1804 458 1855 res
476 1778 533 1856 est
544 1808 556 1873 ;
577 1795 623 1856 ut
642 1776 746 1857 recte
758 1778 916 1886 Arssat.
934 1775 1048 1885 Phffi
1064 1801 1103 1853 2.
1122 1798 1163 1882 7.
1180 1791 1220 1852 et
1241 1800 1306 1851 nos

158 1885 272 1997 supri
290 1888 489 1983 diximus;
518 1889 582 1967 vel
601 1891 710 1968 enim
729 1886 751 1968 ὲ
769 1918 865 1998 quo,
884 1888 946 1968 vel
966 1916 1016 1968 ex
1036 1915 1131 1995 quo,
1158 1885 1220 1964 vel
1239 1912 1308 1994 per

157 2000 281 2107 quod,
308 2000 371 2079 vel
391 2019 551 2109 propter
574 2002 682 2108 quod
708 2030 767 2082 res
795 2029 1039 2110 unaquaeque
1065 1998 1135 2092 est,
1164 1996 1247 2102 ejus
1269 1997 1308 2075 vi

158 2110 233 2190 effe
249 2110 352 2192 recte
364 2112 521 2192 dicitur.
571 2114 651 2194 His
667 2115 795 2193 modis
811 2141 884 2192 nec
899 2113 1030 2220 plures
1043 2110 1306 2201 inveniuntur,

158 2251 231 2302 nec
250 2225 453 2332 pauciores
472 2225 546 2304 effe
566 2226 746 2334 poliunt:
777 2224 882 2305 reete
904 2227 1027 2332 igitur
1049 2222 1160 2302 causa
1179 2220 1308 2299 distri-

157 2334 295 2415 buitur
311 2338 352 2415 in
372 2336 528 2416 causam
547 2333 569 2415 al
589 2366 680 2445 qua,
702 2365 753 2416 ex
772 2366 865 2446 qua,
886 2366 957 2446 per
976 2364 1112 2445 quam,
1129 2352 1169 2413 et
1187 2361 1307 2443 prop-

159 2467 219 2528 ter
236 2475 374 2555 quam,
394 2451 421 2530 i.
438 2477 474 2527 e.
495 2449 734 2529 efficientem
752 2470 793 2529 et
811 2451 1031 2542 materiam,
1051 2466 1119 2528 aut
1137 2445 1307 2525 formam

160 2579 200 2639 et
219 2559 357 2639 finem.

216 2671 390 2780 Efficiens
408 2671 457 2780 ιβ
474 2671 600 2778 causta,
627 2672 652 2752 ἃ
671 2702 745 2783 qua
767 2703 827 2752 res
844 2672 907 2783 ιβ,
926 2674 994 2752 vel
1010 2672 1181 2780 efficitur.
1242 2668 1307 2748 Ab

158 2783 352 2864 efficiente
371 2785 480 2863 enim
499 2787 741 2894 principium
760 2786 945 2865 movendi
965 2785 1042 2880 est;
1074 2784 1155 2894 ipsa
1175 2801 1307 2862 tamen

157 2893 300 2976 effecto
319 2924 397 2977 non
416 2896 527 2976 inest.

217 3009 390 3089 Ciceroni
404 3009 533 3089 omnis
552 3007 664 3087 causa
682 3008 836 3117 efficiens
855 3009 1103 3102 nominatur;
1130 3006 1180 3085 fic
1199 3006 1306 3083 enim

159 3119 200 3198 in
219 3121 260 3199 T
261 3123 409 3231 opicis;
433 3123 581 3229 primus
607 3119 656 3227 ιβ
683 3122 782 3201 lacus
809 3150 935 3201 rernm
963 3118 1205 3228 efficientium,
1224 3144 1307 3225 qua

159 3232 280 3338 causa
293 3233 557 3341 appellantur:
577 3249 618 3309 et
634 3231 684 3310 de
697 3235 795 3313 Fato
808 3265 819 3329 3
840 3234 952 3340 causta
966 3233 1014 3340 ιβ
1029 3261 1112 3343 quae
1128 3229 1170 3309 id
1180 3227 1304 3336 efficit,

160 3341 267 3447 cujm
284 3343 333 3451 ιβ
351 3344 474 3449 causa.
533 3343 645 3421 Hinc
666 3343 711 3423 fit
728 3365 773 3424 ut
791 3346 995 3452 carestaturn,
1021 3342 1043 3422 ὲ
1069 3340 1189 3422 caufis
1213 3341 1308 3419 licet

159 3455 344 3533 omnibus
364 3474 497 3534 ortum
516 3452 675 3549 habens,
690 3457 857 3565 effetam
873 3459 1147 3537 tantummodo
1159 3453 1307 3532 vocite-

161 3584 249 3644 tur:
289 3565 393 3645 unde
422 3565 499 3646 hoc
527 3566 653 3645 solum
681 3568 930 3677 intelligitur,
966 3570 1203 3648 efficientem
1232 3563 1306 3643 elie

158 3675 312 3755 causam
332 3678 569 3787 praecipuam
584 3696 701 3786 atque
716 3683 944 3789 primariam
959 3713 969 3776 3
990 3707 1154 3761 ornnem
1172 3693 1305 3757 autem

159 3787 313 3868 causam
332 3788 465 3897 aliquo
484 3790 604 3870 modo
623 3792 790 3873 efficere.

217 3899 421 4007 Efficientis
444 3902 522 4007 etst,
547 3930 643 3981 vera
659 3933 799 4011 genera
822 3906 928 3985 nulla
941 3904 1029 4010 βυι
1043 3901 1186 4010 species
1207 3897 1307 3979 nobis

158 4027 356 4120 apparent,
397 4012 547 4095 abertas
580 4032 701 4097 tamen
723 4033 932 4126 permagna
959 4014 1071 4096 modis
1097 4009 1307 4124 quibusdam

157 4121 408 4230 dssinguitur.

216 4235 361 4331 Primi,
380 4235 477 4348 qnid
483 4254 666 4347 procreet,
687 4258 756 4320 ant
774 4257 943 4321 tueatur.

214 4349 280 4428 Sic
299 4368 409 4459 pater
427 4367 466 4429 et
485 4369 610 4431 mater
627 4372 854 4461 procreant3
878 4352 1012 4433 nutrix
1032 4368 1176 4430 tuetur.
1208 4349 1304 4428 Huc

158 4483 317 4573 quoque
336 4463 518 4544 omnium
535 4492 668 4545 rerum
687 4467 923 4560 inventores,
950 4467 1141 4556 auctores,
1168 4461 1304 4541 condi-
