2956 4980
359 232 651 333 Prolusrones
677 239 916 334 Oratoriae.
1139 276 1215 353 441

73 411 269 519 superque
290 410 357 492 suo
373 416 509 492 Marte
528 410 631 490 valet
647 412 695 490 ad
717 411 752 490 se
772 410 1058 491 defendendam
1079 413 1223 492 invifla

73 523 228 630 semper
247 524 425 618 Veritas3
453 550 524 603 nec
548 522 596 601 ad
617 522 657 602 id
677 524 810 603 alienis
832 523 982 631 indiget
1002 524 1223 605 adminicu-

73 635 148 729 lis;
170 654 209 713 et
229 634 322 714 licet
341 635 453 715 nobis
473 635 682 742 aliquando
703 634 886 745 superari,
907 654 947 714 et
963 636 1113 744 pessum
1133 665 1224 745 pre-

74 747 135 825 mi
155 746 348 840 videatur‚
370 748 597 843 inviolatam
615 765 745 825 tamen
766 746 959 856 perpetub
978 748 1099 828 servat
1119 748 1169 841 se,
1186 769 1227 829 et
1303 781 1305 784 ⁴

75 858 265 937 intactam
285 860 333 939 ab
350 863 488 939 erroris
506 859 729 965 unguibus;
761 862 801 938 in
821 857 899 937 hoc
919 860 998 937 Soli
1020 887 1098 939 non
1126 860 1225 939 absr-

74 970 199 1063 milis,
223 973 292 1078 qui
322 971 416 1080 saepe
437 969 662 1050 involutum
692 969 743 1063 se,
775 993 815 1051 et
841 971 948 1077 quast
976 973 1224 1079 inquinatum

74 1080 249 1161 nubibus
268 1082 436 1163 ostendit
455 1083 638 1161 humanis
658 1083 794 1174 oculis,
815 1110 908 1160 cum
930 1101 1060 1162 tamen
1081 1084 1225 1164 collec-

78 1195 127 1272 tis
150 1195 188 1272 in
210 1195 247 1273 se
268 1196 401 1289 radiis,
423 1215 584 1302 totoque
604 1194 651 1272 ad
673 1194 709 1272 se
729 1212 909 1274 revocato
929 1194 1131 1304 splendore
1152 1226 1227 1306 pu-

78 1303 247 1386 riffimus
267 1307 316 1387 ab
336 1309 449 1388 omni
468 1305 554 1385 labe
575 1306 780 1386 colluceat.

79 1737 137 1827 In
154 1734 296 1828 Feriis
321 1728 478 1848 aestivis
498 1728 716 1861 collegii,
733 1727 809 1826 sed
835 1756 1157 1853 concurrente,
1174 1758 1228 1829 ut

178 1870 308 1992 solet,
334 1897 432 1969 tota
457 1869 551 1968 fere
580 1870 847 1967 Academiae
864 1869 1127 2003 juventute.

522 2104 790 2184 onnrro.
833 2083 838 2091 ’

134 2265 430 2348 Exercitationes
448 2296 703 2375 nonnunquam
724 2263 914 2345 Ludicras
934 2264 1176 2373 Philosophiae

466 2377 604 2487 studiis
621 2407 690 2457 non
709 2375 829 2485 obrffe.

84 2541 263 2732 CUm
283 2570 333 2621 ex
353 2570 398 2620 ea
417 2540 530 2620 Urbe
549 2569 634 2648 quae
649 2560 767 2648 caput
786 2539 946 2619 urbium
965 2539 1035 2634 est,
1056 2538 1135 2619 huc
1154 2570 1230 2620 nu·

204 2681 274 2763 per
293 2681 358 2733 me
380 2655 610 2761 reciperem,
628 2653 872 2744 Academici,
890 2652 1121 2731 deliciarum
1141 2683 1230 2733 om-

82 2765 211 2859 nium,
226 2765 368 2873 quibus
389 2766 421 2844 is
441 2765 550 2844 locus
570 2763 866 2872 supramodum
886 2761 1027 2856 affluit,
1043 2764 1161 2872 usque
1182 2766 1230 2845 ad

82 2875 272 2982 saginam,
289 2905 411 2986 prope
424 2877 609 2968 dixerim,
622 2876 739 2967 satur,
752 2875 952 2985 sperabam
969 2873 1069 2953 mihi
1084 2878 1230 2956 iterum

81 2989 293 3096 aliquando
312 2991 442 3067 otium
465 2987 563 3067 illud
580 2986 833 3081 Literarium,
858 3015 938 3094 quo
959 3013 1034 3092 ego
1050 2989 1137 3066 vitae
1161 3016 1231 3095 ge-

83 3127 175 3178 nere
192 3100 313 3180 etiam
328 3100 502 3180 coelestes
518 3101 666 3179 animas
685 3100 854 3205 gaudere
873 3100 1037 3207 opinor;
1069 3119 1230 3207 eratque

82 3213 240 3320 penitus
257 3214 297 3292 in
321 3213 455 3292 animo
471 3213 556 3318 jam
578 3211 735 3290 tandem
762 3211 902 3289 abdere
923 3209 1043 3289 mein
1065 3212 1230 3305 Literas,

82 3341 125 3402 et
136 3323 424 3428 jucundiffimae
442 3321 706 3431 Philosophiae
725 3323 882 3431 perdius
908 3340 949 3400 et
974 3349 1125 3430 pernox
1144 3324 1232 3402 alli-

83 3436 199 3530 dere;
231 3438 285 3515 ita
311 3435 463 3546 semper
487 3435 620 3515 affolet
639 3434 801 3513 Laboris
820 3452 859 3513 et
876 3433 1100 3542 Voluptatis
1120 3435 1233 3515 vicis-

84 3546 213 3627 situdo
251 3575 432 3627 amovere
471 3546 654 3627 satietatis
695 3545 869 3639 taedium,
904 3563 944 3624 et
981 3545 1150 3640 efficere,
1191 3566 1236 3627 ut

84 3659 296 3738 intermissa
312 3678 535 3768 repetantur
551 3658 727 3738 alacrius.
780 3658 886 3736 Cum
905 3655 965 3735 his
980 3685 1045 3736 me
1063 3657 1235 3737 incalen-

84 3788 168 3849 tem
189 3770 323 3850 studiis
343 3792 501 3879 repente
520 3770 717 3873 avocavit,
742 3790 859 3876 atque
884 3768 1068 3847 abstraxit
1094 3796 1233 3876 perve-

85 3882 178 3961 tusti
198 3883 319 3962 moris
338 3879 419 3961 fere
440 3909 567 3960 annua
586 3880 802 3972 celebritas,
824 3877 1022 3985 jussusque
1046 3905 1121 3985 ego
1148 3881 1234 3959 sum

83 4020 174 4072 eam
194 4020 356 4104 operam
371 4021 491 4101 quam
512 3992 755 4100 acquirendae
781 3990 975 4099 sapientia
999 3989 1131 4099 primb
1149 3992 1234 4071 des-

47 4109 55 4139 ’
84 4103 265 4198 tinlram,
287 4105 334 4185 ad
355 4131 475 4211 nugas
493 4102 710 4195 transferre,
731 4121 771 4181 et
792 4130 907 4180 novas
928 4102 1093 4209 ineptiae
1113 4131 1234 4184 exco-

85 4216 288 4322 gitandas:
319 4219 426 4324 quasr
435 4215 520 4321 jam
537 4242 640 4294 nunc
656 4242 733 4293 non
746 4214 864 4293 essent
876 4213 1010 4292 omnia
1027 4211 1234 4294 stultorum

85 4328 216 4435 plena,
233 4328 340 4436 quast
357 4328 514 4434 egregia
529 4326 609 4420 illa,
625 4346 663 4405 et
679 4353 756 4405 non
769 4326 899 4405 minus
912 4327 1022 4430 Argo
1035 4326 1237 4406 decantata

84 4441 194 4518 navis
212 4437 401 4519 stul-tifera
422 4438 568 4518 fecisset
588 4435 854 4544 naufragium,
873 4437 986 4545 plane
1003 4437 1172 4545 denique
1194 4465 1238 4518 ac
