2956 4980
409 212 574 307 Literae
601 215 793 308 Senatus
819 211 1088 343 Anglicani.
1243 257 1287 311 21
1300 257 1321 338 5
1422 208 1426 218 ’

166 374 247 494 ejus
266 388 398 497 capita
416 415 582 496 quaque
599 388 661 467 vel
674 388 967 496 amplificentur
985 389 1048 467 vel
1063 391 1324 470 immutentur

165 528 236 609 pro
258 519 488 609 temporum
508 517 548 578 et
568 528 700 579 rerum
719 500 797 578 alio
817 527 919 578 nunc
940 502 1066 594 Statu,
1086 530 1238 582 necnon
1259 532 1321 583 re-

167 611 302 721 gendae
323 612 569 720 Reipublicae
590 610 717 692 forma
736 613 959 704 immutata,
980 614 1087 720 quod
1107 642 1201 707 cum
1221 612 1323 695 nihil

166 724 338 834 amplius
366 723 473 817 esset,
492 751 614 832 quam
639 724 745 830 quod
767 744 807 803 et
826 751 895 802 nos
922 726 963 802 in
989 726 1169 834 praeditta
1194 728 1321 808 nostra

165 835 343 918 chartula
364 833 494 964 {gfff}
519 836 747 916 summatim
775 855 892 944 atque
924 836 1096 917 dilucidi:
1128 838 1320 946 fignifica-

165 993 359 1060 vetamus,
386 963 617 1075 expectabat
638 964 868 1043 Concilium
897 964 1087 1072 quosdam
1118 965 1320 1075 speciatim

165 1079 350 1158 articulos
369 1105 420 1156 ex
439 1105 487 1156 eo
507 1074 652 1155 foedere
677 1076 726 1154 ab
747 1076 995 1156 Excellentia
1016 1078 1151 1157 Vestra
1172 1107 1319 1188 propo-

165 1190 279 1271 fitum
300 1192 347 1270 iri
368 1199 461 1270 cum
482 1216 528 1267 ea
547 1186 870 1296 amplificatione,
893 1189 1013 1296 iisque
1034 1190 1318 1271 mutationibus

164 1329 333 1412 quarum
363 1299 492 1382 facitis
516 1302 776 1394 mentionem,
802 1328 896 1380 cum
923 1302 1071 1408 alioqui
1103 1303 1213 1382 nobis
1240 1306 1318 1381 im-

164 1413 342 1523 poffibile
372 1415 418 1494 fit
449 1413 577 1492 ullum
605 1413 712 1491 aliud
736 1411 961 1520 responsum
989 1411 1063 1492 hac
1086 1414 1134 1493 de
1159 1442 1199 1492 re
1227 1416 1318 1494 dare

164 1523 285 1635 quam
303 1525 411 1634 quod
424 1526 510 1633 jam
530 1525 725 1604 dedimus.
782 1522 935 1603 Verbm
956 1527 1319 1606 cumExcellenria

164 1638 303 1718 Vestra
321 1666 372 1718 ex
390 1637 526 1718 charta
542 1635 605 1714 sua
619 1636 822 1716 noviffima
835 1637 1064 1715 dilationem
1081 1639 1119 1714 in
1138 1665 1207 1717 nos
1222 1666 1317 1717 con-

160 1748 263 1831 ferre
280 1750 471 1843 videatur,
487 1749 719 1828 Concilium
738 1747 885 1828 idcirco
905 1747 1125 1828 chartulam
1139 1750 1317 1830 Vestram

158 1864 386 1973 praedictam
405 1860 521 1991 ’ζῇξὶ
543 1861 675 1940 datam
706 1861 891 1970 quodque
922 1863 963 1939 in
996 1889 1040 1940 ea
1072 1862 1317 1971 propositum

156 2013 242 2073 erat
261 1990 394 2073 denub
415 1991 597 2102 inspexit,
620 1989 735 2100 seque
764 1990 812 2069 de
841 1991 1016 2098 eoquod
1043 1990 1127 2068 illic
1149 1992 1205 2069 est
1224 2020 1317 2100 pro-

154 2104 345 2214 pofitum,
361 2106 490 2214 priore
505 2103 572 2182 illa
583 2100 762 2182 chartula
776 2103 1031 2182 Excellentiae
1044 2102 1190 2181 Vestrae
1203 2103 1317 2211 plene

156 2215 380 2297 satisfecisse
395 2215 617 2307 arbitratur,
633 2216 698 2293 cui
714 2234 754 2293 et
767 2212 842 2293 hoc
857 2215 984 2294 solum
997 2214 1125 2323 potest
1138 2215 1317 2318 adjicere,

158 2329 212 2423 se,
231 2357 329 2409 cum
350 2328 607 2408 Excellentiae
627 2325 774 2405 Vestrae
799 2326 1010 2419 videbitur,
1031 2326 1094 2404 vel
1118 2354 1168 2404 ex
1195 2324 1318 2406 foede-

162 2441 270 2521 ribus
288 2442 376 2548 jam
395 2439 507 2520 fastis
527 2439 589 2519 vel
610 2437 687 2517 alio
707 2440 846 2546 quovis
866 2440 986 2517 modo
1007 2438 1196 2543 ejusmodi
1216 2437 1317 2518 ferre

160 2554 404 2633 conditiones
424 2579 510 2662 quae
530 2552 577 2631 ad
607 2550 831 2659 praesentem
860 2579 992 2630 rerum
1020 2578 1064 2630 ac
1088 2570 1316 2660 temporum

164 2665 305 2744 statum
337 2683 452 2744 erunt
482 2663 800 2756 accommodatae,
822 2662 965 2772 quibus
995 2661 1017 2742 ὲ
1046 2682 1154 2772 parte
1180 2665 1315 2744 Vestra

161 2774 318 2857 fundari
350 2777 570 2857 amicitiam
593 2776 727 2869 vultis,
756 2804 800 2855 ea
827 2775 937 2854 vobis
967 2775 1142 2884 responsa
1172 2778 1315 2856 exinde

164 2891 408 2970 redditurum
421 2917 508 2998 quae
522 2886 570 2966 ab
587 2886 623 2966 se
636 2887 684 2966 ad
699 2916 743 2967 ea
755 2888 865 2967 reddi
881 2915 1038 2995 aequum
1051 2890 1139 2978 erit,
1151 2914 1314 2994 quaeque

163 3001 457 3082 Parlamentum
478 3001 519 3078 in
539 2999 680 3080 eodem
700 3001 942 3108 perseverare
964 2999 1090 3078 studio
1111 2999 1313 3092 testentur,

163 3114 352 3194 illibatam
383 3133 499 3224 atque
533 3111 688 3191 firmam
724 3140 818 3192 cum
850 3140 941 3231 rege
973 3111 1099 3190 vestro
1133 3111 1312 3189 Domino

162 3227 377 3307 amicitiam
397 3225 678 3307 conservandis.
741 3228 877 3334 anue
905 3242 948 3303 ut
975 3222 1155 3332 augescat
1177 3225 1311 3316 etiam,

164 3340 459 3420 Parlamentum
484 3365 646 3418 omnem
675 3335 879 3417 honestam
900 3337 1014 3444 seque
1035 3337 1197 3443 dignam
1217 3364 1313 3446 ope·

163 3481 245 3533 ram
266 3479 340 3563 pro
359 3450 395 3530 se
415 3451 578 3558 quidem
599 3448 722 3529 dabit.
955 3530 958 3535 ,

216 3565 448 3650 Concilium
477 3581 660 3672 praeterea
687 3560 744 3639 sui
771 3559 892 3639 officii
920 3559 1031 3639 ducit
1056 3558 1144 3651 effe,
1167 3560 1313 3638 Excel-

162 3677 324 3758 lentiam
344 3675 525 3756 Vestram
546 3675 652 3754 illius
679 3671 817 3753 nostrae
839 3670 1025 3751 chartulae
1044 3672 1222 3776 Januarii
1247 3699 1311 3777 30.

167 3792 285 3897 1651.
314 3789 363 3868 ad
390 3816 458 3869 vos
484 3788 581 3867 datae
608 3785 827 3877 admoneri,
856 3786 921 3863 cui
948 3811 1042 3863 cum
1067 3783 1313 3862 Excellentia

160 3902 297 3983 Vestra
317 3899 542 4010 responsum
561 3899 738 3979 nondum
759 3896 923 3989 dederit,
942 3896 1128 3975 instamus
1149 3894 1312 4003 proinde

158 4033 276 4123 atque
296 4016 550 4121 expedamus
570 4029 614 4089 ut
629 4010 892 4102 Parlamento,
904 4009 953 4088 de
969 4036 1045 4115 qua
1059 4009 1141 4088 illic
1156 4036 1197 4087 re
1213 4007 1313 4087 fana

158 4127 312 4207 mentio
331 4125 402 4219 est,
424 4121 632 4205 satisfactio
653 4122 780 4202 detur.
