2956 4980
487 296 497 307 -
531 242 655 335 Petri
682 243 823 336 Rami
848 243 971 337 Vita.
1252 244 1336 366 179'

206 398 312 516 ‘pilogo
336 412 363 491 l.
393 408 444 518 5(
464 410 700 492 Scholarum
728 412 1056 519 Dialedticarum)
1087 414 1151 493 sed
1177 444 1325 498 annum

202 535 292 621 agenr
319 523 441 603 aetatis
469 525 647 632 primum
675 543 715 605 et
732 523 968 631 vigefimum
1000 522 1080 604 haec
1107 528 1238 607 moliri
1264 531 1324 608 in-

200 644 353 739 cuperat.
415 635 595 744 Septimo
621 637 722 746 post,
743 638 930 745 primam,
952 655 996 715 ut
1022 656 1196 745 putatur,
1222 641 1324 720 Dia-

196 729 348 825 lecticam
369 764 409 826 et
427 747 686 855 Arssotelicas
714 747 1080 828 Animadverfiones
1100 748 1148 827 ad
1167 752 1323 831 Acade-

191 854 293 935 miam
320 858 563 965 Parffierfi’m
589 860 738 939 edidit:
776 858 958 967 sequente
987 887 1089 940 anno
1118 862 1321 958 Euclidem,

183 957 326 1060 Latine,
346 996 469 1077 quam
495 988 536 1050 et
562 970 790 1080 praefatione
815 972 1120 1051 commendavit.
1181 976 1244 1053 Ex
1273 1004 1320 1056 eo

182 1091 346 1188 tempore
360 1081 506 1162 multos
522 1083 755 1163 adversarios
767 1068 901 1162 contra
914 1083 951 1161 se
971 1084 1151 1176 irritavit,
1168 1104 1208 1165 et
1222 1115 1320 1195 prae-

173 1185 298 1270 sertim
318 1191 417 1272 duos
437 1191 634 1288 homines,
654 1223 753 1303 quos
775 1190 925 1274 Talaeus
951 1195 992 1272 in
1012 1196 1229 1276 Academia
1256 1197 1321 1278 sua

174 1299 262 1382 dum
286 1307 584 1385 contentionem
610 1325 733 1386 totam
761 1325 925 1398 enarrat,
948 1333 1025 1384 non
1054 1310 1232 1387 nominat
1259 1328 1317 1390 ta·

173 1441 270 1494 men.
334 1417 430 1510 Vix,
475 1419 619 1526 inquit,
665 1417 916 1524 Arssotelicae
953 1418 1319 1501 Animadverfiones

169 1522 271 1606 1ectae
290 1547 416 1622 erant,
436 1525 532 1607 cirm
553 1531 604 1609 P.
627 1531 770 1609 Remus
795 1525 956 1637 repente
981 1529 1031 1607 ad
1058 1531 1228 1637 praetorii
1249 1534 1317 1611 tri-

168 1635 317 1718 bunalis
336 1641 546 1748 capitalem
565 1641 860 1721 contentionem
887 1668 958 1749 per
984 1661 1109 1720 certos
1136 1640 1317 1722 homines

164 1744 256 1830 falso
289 1751 515 1830 Academiae
548 1753 707 1832 nomine
739 1754 903 1860 rapitur,
936 1750 1106 1860 novique
1140 1754 1317 1836 criminis

163 1862 376 1954 accusatur,
415 1860 522 1972 qubd
562 1863 722 1957 scilicet,
761 1863 845 1943 Ari
871 1864 995 1942 otelem
1033 1868 1314 1973 oppugnando,

162 1991 260 2053 artes
286 1992 512 2075 eneryaret:
542 1971 617 2055 hac
642 1975 750 2053 enim
777 1975 953 2054 oratione
973 1975 1196 2082 Arssotelta
1215 1980 1316 2057 adtio

163 2083 337 2164 instituta
366 2086 435 2166 est.
495 2087 606 2166 Hinc
636 2086 719 2166 Ari
744 2086 935 2166 oteleorum
963 2086 1200 2169 clamoribus
1228 2092 1314 2196 agi·

163 2212 278 2290 tatus,
303 2196 353 2276 ad
381 2196 583 2277 summum
616 2198 831 2304 Parfiensts
858 2200 974 2276 curiae
1003 2199 1210 2279 consilium
1237 2219 1314 2281 tra-

162 2307 333 2386 ducitur.
392 2309 440 2388 Id
473 2336 568 2388 cum
597 2336 649 2389 ex
680 2307 985 2389 adversariorum
1017 2309 1204 2390 sententia
1235 2339 1314 2391 non

161 2419 403 2527 procederet,
432 2421 542 2500 novis
571 2420 718 2501 artibus
748 2417 770 2499 a
796 2419 926 2499 senatu
955 2419 1158 2526 Parffietfi
1178 2422 1227 2501 ad
1254 2451 1314 2503 re-

163 2530 269 2636 giam
283 2533 553 2639 cognitionem
566 2560 625 2612 res
637 2532 828 2612 defertur:
861 2532 1150 2612 constituuntur
1161 2533 1314 2639 judices

162 2643 337 2752 quinque
358 2641 442 2723 bini
458 2643 506 2722 ab
524 2663 687 2752 utraque
709 2663 832 2753 parte,
848 2645 1009 2750 quintus
1030 2640 1051 2722 a
1071 2670 1162 2752 rege
1184 2649 1313 2726 nomi-

164 2774 299 2848 natur3
321 2754 475 2834 causam
489 2755 537 2833 de
554 2756 713 2861 singulis
727 2755 1105 2835 animadverfionum
1119 2758 1312 2865 capitibus

163 2865 290 2946 dicere
303 2866 466 2972 jubetur
486 2869 655 2947 Remus:
685 2868 755 2975 qui
776 2868 926 2946 tametsr
945 2868 994 2946 de
1015 2868 1189 2974 quinque
1202 2868 1313 2973 judi-

162 2979 269 3059 cibus
298 2997 374 3058 tres
401 2977 671 3058 infensrffimos
698 2978 878 3071 habebat,
900 2999 1030 3057 tamen
1058 2996 1101 3056 ut
1127 2980 1312 3059 mandato

162 3092 269 3199 regio
304 3090 607 3200 obtemperaret,
641 3091 690 3169 ad
720 3091 828 3169 diem
858 3089 1111 3169 constitutam
1152 3088 1308 3185 adfuit;

161 3200 282 3282 scriba
312 3230 413 3283 unus
443 3203 589 3298 aderat,
621 3203 690 3310 qui
720 3203 885 3281 rationes
915 3203 1031 3281 Remi
1060 3219 1100 3279 et
1125 3200 1310 3307 judicum

162 3313 365 3394 sententias
396 3316 608 3426 exciperet.
669 3313 798 3393 Biduo
824 3340 967 3419 magna
988 3313 1238 3392 contentione
1262 3315 1310 3394 de

161 3425 387 3506 Dialecticae
406 3429 498 3506 artis
517 3426 744 3505 definitione
765 3444 805 3504 et
824 3427 1048 3533 partitione,
1064 3453 1150 3534 quae
1169 3425 1210 3503 in
1231 3427 1311 3505 Lo-

159 3536 239 3645 gici
253 3539 408 3645 Organi
423 3538 533 3618 libris
549 3537 665 3617 nullae
678 3536 812 3631 effent,
826 3555 1093 3617 concertatum
1110 3536 1177 3616 est.
1208 3538 1310 3618 Tres

159 3649 375 3757 Aristotelei
383 3651 538 3756 judices
558 3650 689 3759 primo
708 3649 786 3744 die,
806 3669 941 3729 contra
963 3676 1099 3728 omnes
1123 3648 1221 3727 bene
1242 3650 1309 3729 de-

157 3758 307 3868 scriptae
341 3765 433 3842 artis
467 3762 588 3870 leges,
617 3759 843 3866 judicarunt
878 3761 925 3840 ad
961 3760 1188 3839 Dialecticae
1216 3763 1309 3840 artis

157 3870 444 3998 perfectionem
466 3873 696 3954 definitione
721 3869 821 3951 nihil
850 3900 948 3981 opus
972 3872 1059 3951 effe.
1122 3873 1207 3984 Qi
1230 3873 1309 3954 duo

150 3985 305 4088 judices
325 3981 347 4064 b
367 3987 484 4065 Ramo
501 3986 593 4064 letti
613 4002 735 4077 erant,
756 3980 890 4064 contri
909 3983 1152 4064 censuerunt.
1197 3984 1308 4065 Post-

155 4096 256 4176 ridie
281 4115 357 4178 tres
381 4096 534 4203 judices
557 4096 642 4177 Ari
667 4096 773 4177 otelei
791 4094 1044 4175 vehementer
1073 4096 1309 4189 conturbati,

155 4207 205 4288 de
226 4209 443 4289 Partitione
463 4210 732 4301 ad‘entiuntur‚
747 4207 983 4315 causamque
1005 4207 1046 4285 in
1065 4208 1182 4288 aliam
1202 4209 1309 4287 diem

154 4320 351 4426 rejiciunt.
393 4319 545 4401 Veriun
567 4348 614 4398 ne
632 4347 710 4399 non
727 4320 977 4399 damnaretur
993 4320 1147 4413 Ramus,
1162 4345 1309 4398 novum

153 4432 364 4512 confilium
385 4434 520 4526 initur,
543 4434 603 4511 Ut
622 4433 670 4511 ab
691 4432 805 4512 initio
826 4449 909 4511 tota
927 4428 1137 4540 disputatio
1157 4449 1310 4510 retexa-
