2956 4980
192 255 313 387 Cap.
340 300 405 354 10.
514 255 701 354 Plenior
727 251 975 352 Institutio
1263 301 1314 380 29

220 432 433 538 Subjessum
451 436 514 544 est,
542 433 607 514 cui
627 429 773 540 aliquid
791 430 1028 540 aclj'ungitur.
1086 437 1181 516 Hoc
1200 464 1318 545 argu·

161 564 348 625 mentum
368 547 497 628 Cicero
512 542 803 652 remſstbjebtam
816 545 1000 654 appellat,
1015 549 1108 655 quia
1128 550 1319 629 nimirum

158 656 285 735 alicui
303 657 532 765 subjicitur:
563 655 853 761 subjicientem
880 658 921 736 id
946 659 1105 754 dicitur,
1124 661 1204 755 cui,
1225 659 1320 741 clim

158 796 214 848 ex
234 771 634 852 causisconstitutum
646 767 732 872 jam
746 767 815 862 est,
831 768 981 877 aliquid
1001 790 1187 880 tanquam
1207 774 1317 853 addi-

163 898 390 963 tamentum
416 885 618 992 quoddam
644 897 783 989 praeter
808 880 938 961 causas
962 884 1213 991 adjungitur:
1250 886 1320 964 ad-

157 991 343 1101 jungitur
359 996 491 1103 itaque
510 993 676 1103 aliquid,
696 992 804 1099 quod
823 991 948 1088 alteri,
969 1022 1113 1106 nempe
1133 995 1318 1103 subjecto,

164 1104 342 1214 perfecto
369 1108 456 1214 jam
490 1106 642 1216 sulsque
674 1102 794 1182 caufis
827 1107 1053 1201 constitum,
1081 1108 1319 1191 extrinsecus

166 1217 244 1297 five
276 1240 413 1328 praeter
439 1220 639 1300 essentiam
665 1215 831 1296 accedit.
893 1218 1122 1324 Subjeetum
1145 1248 1241 1329 ergo
1264 1221 1320 1302 est

165 1331 275 1438 quod
302 1332 350 1410 ad
377 1331 527 1441 aliquid
554 1327 802 1441 arguendum
825 1327 881 1407 est
899 1330 1101 1426 affectum,
1121 1334 1229 1442 quod
1249 1334 1320 1413 fibi

166 1462 307 1549 praerer
326 1444 437 1524 illam
457 1444 671 1536 essentiam,
689 1467 811 1548 quam
830 1438 852 1519 ὲ
871 1443 992 1523 causis
1012 1441 1145 1539 habet,
1166 1446 1323 1555 insuper

164 1556 332 1634 accedit.

225 1669 288 1746 Ut
313 1667 439 1761 causa,
465 1667 519 1747 ita
550 1688 590 1747 et
623 1665 839 1773 subjectum
870 1666 955 1746 suos
986 1667 1175 1776 quosdam
1202 1665 1321 1748 habet

165 1780 332 1860 modos:
363 1778 499 1887 subjici
525 1782 633 1858 enim
661 1779 811 1889 aliquid
837 1778 981 1858 dicitur
1004 1778 1067 1858 vel
1093 1780 1319 1888 recipiendo

166 1891 348 1997 adjuncta
367 1893 429 1972 vel
455 1890 699 2002 occupando.
759 1891 878 1969 Unde
898 1889 1112 1997 subjestum
1133 1893 1322 2000 distingui

167 2004 298 2112 potest
316 2005 358 2083 in
378 2003 568 2113 recipiens,
588 2003 695 2111 quod
720 2003 852 2083 Graeci
867 1997 1018 2084 Σεκτικδν
1038 2003 1250 2113 appellant,
1281 2022 1322 2084 et

163 2133 346 2224 occupans
363 2117 471 2224 quod
488 2114 663 2221 objeblum
680 2116 761 2195 dici
780 2115 891 2208 solet,
903 2117 996 2224 quia
1015 2117 1056 2193 in
1073 2144 1121 2195 eo
1139 2117 1319 2222 adjunsla

164 2247 423 2337 occupantur.
484 2229 696 2337 Recipiens
711 2228 773 2306 vel
790 2229 829 2306 in
848 2226 883 2304 se
898 2228 1038 2336 recipit
1051 2226 1243 2333 adjuncta,
1256 2228 1321 2307 vel

166 2340 216 2418 ad
243 2338 305 2419 se:
341 2341 532 2450 recipiens
567 2340 674 2418 inse
706 2338 899 2444 adjunsta,
923 2341 987 2418 vel
1017 2339 1175 2420 sustinet
1205 2371 1249 2422 ea
1279 2359 1320 2419 et

167 2450 275 2559 quali
303 2451 499 2546 sustentat,
519 2479 605 2560 quae
632 2451 779 2531 idcirco
807 2450 916 2556 irfita
941 2470 981 2530 ct
1007 2452 1227 2534 inhaerentia
1250 2479 1320 2562 ap-

165 2564 378 2672 pellantur,
395 2565 457 2643 vel
477 2566 666 2657 continet,
687 2581 731 2641 ut
750 2565 859 2643 locus
879 2564 1067 2642 locatum.

225 2676 384 2756 Primus
399 2703 493 2782 ergo
509 2677 649 2755 modus
669 2675 725 2753 est
743 2674 839 2756 clim
858 2673 1073 2779 subjectum
1091 2677 1231 2785 recipit
1250 2682 1320 2760 ad-

161 2787 301 2893 junela
313 2789 422 2867 insita
434 2788 510 2867 five
523 2786 762 2867 inhaerentia.
814 2787 877 2865 Sic
889 2789 1018 2867 anima
1032 2786 1087 2866 est
1102 2787 1320 2896 subjectum

167 2900 351 2994 scientiae,
372 2901 614 3007 ignorantiae,
635 2900 803 2992 virtutis,
823 2899 934 2993 vitii;
965 2900 1058 3007 quia
1082 2898 1163 2979 haec
1183 2904 1322 2984 animae

168 3013 450 3119 adjunguntur,
468 3013 495 3090 i.
510 3040 545 3090 e.
567 3030 704 3120 praeter
715 3011 914 3090 essentiam
931 3011 1148 3090 accedunt:
1178 3041 1320 3124 corpus

166 3122 352 3218 sanitatis,
372 3123 516 3217 morbi,
537 3124 701 3216 roboris,
728 3122 978 3216 infirmitatis,
1001 3120 1319 3231 pulchritudinis,

166 3235 428 3316 deformitatis
442 3265 453 3328 ;
480 3237 574 3343 quia
593 3235 749 3344 corpori
765 3235 928 3342 quidem
945 3234 1087 3328 insunt,
1104 3235 1171 3313 sed·
1182 3259 1320 3349 praeter

169 3347 385 3427 essentiam.

228 3460 428 3539 Secundus
455 3457 596 3537 modus
619 3457 674 3536 est
700 3457 860 3563 subjecti
886 3456 1066 3563 adjuncta
1092 3459 1132 3536 in
1160 3458 1196 3538 se
1224 3489 1320 3540 con-

169 3571 344 3664 tinentis,
365 3571 391 3650 i.
407 3600 443 3650 e.
464 3571 545 3650 loci.
586 3569 650 3647 Sic
670 3569 777 3650 locus
792 3569 847 3648 est
863 3568 1078 3675 subjeetum
1098 3570 1153 3648 rei
1172 3571 1319 3668 locatae,

168 3682 245 3761 five
277 3684 318 3761 in
349 3713 430 3793 quo
461 3710 519 3762 res
549 3681 674 3761 locata
703 3683 939 3761 continetur.
998 3683 1062 3760 Sic
1089 3678 1320 3792 Philosophi

169 3795 313 3874 divinis
328 3795 497 3888 entibus,
512 3794 604 3872 licet
619 3811 728 3900 parte
742 3815 781 3872 et
797 3793 1070 3900 magnitudine
1084 3796 1319 3893 carentibus,

169 3906 389 3987 attribuunt
421 3909 570 3987 locum.
635 3905 699 3982 Sic
732 3907 955 3985 Geometrae
993 3904 1126 3984 locum
1165 3905 1321 4016 locique

171 4018 413 4098 differentias
440 4019 480 4097 in
509 4016 622 4097 rebus
653 4018 930 4096 Geometricis.
1004 4014 1161 4124 Phyfici
1192 4023 1322 4103 multo

171 4132 295 4210 etiam
323 4131 550 4237 diligentius
579 4130 619 4208 in
651 4129 766 4209 rebus
792 4128 964 4236 Physicis
996 4129 1250 4226 confiderent,
1280 4135 1322 4213 in

171 4243 338 4336 mund0,
351 4244 393 4322 in
413 4241 616 4322 elementis
629 4242 885 4350 fimplicibus,
900 4242 939 4319 in
956 4240 1069 4321 rebus
1082 4245 1319 4351 compositis.

170 4355 284 4434 Hinc
303 4355 482 4434 nonnulli
503 4353 714 4433 Dialectici
734 4354 807 4433 suae
825 4355 917 4432 artis
942 4353 1223 4462 amplificandae
1242 4357 1323 4436 stu·

169 4466 252 4562 dio,
273 4485 319 4547 ut
338 4464 484 4560 motds,
504 4468 559 4547 ita
586 4466 663 4545 loci
683 4466 900 4546 doctrinam
917 4464 963 4562 ,in
984 4467 1135 4573 Logica
1154 4471 1323 4549 tractan-
