2956 4980
164 262 240 345 172
573 225 699 321 Artis
726 227 909 356 Logicae
1099 221 1208 320 Lib,
1237 261 1278 316 2.

159 398 304 479 scilicet
328 400 626 508 generalissima,
652 400 726 480 five
753 399 821 481 illa
848 401 1063 507 subjeiium
1089 398 1163 480 five
1191 397 1321 476 finem

159 510 385 619 generalem
400 514 612 607 contineat,
625 512 673 593 ad
691 513 822 593 minus
836 511 1046 621 generalia,
1060 508 1083 592 d
1096 509 1322 591 notioribus

159 624 209 702 ad
228 623 360 704 minus
375 643 480 719 nota,
494 622 516 705 ia
531 624 774 734 simplicibus
790 627 839 706 ad
852 624 1066 735 composita
1081 651 1188 732 aeque
1204 640 1321 701 utro-

159 734 278 843 bique
297 735 508 818 dividendo
532 737 819 846 progrediatur,
838 764 917 818 non
936 739 1092 815 videtur
1109 735 1161 815 ob
1179 734 1342 849 diver-q

160 846 241 926 sam
272 848 313 926 in
343 847 573 929 definitione
604 849 793 957 generali,
821 850 902 930 illic
930 847 1104 954 subjecti,
1129 845 1194 926 htc
1228 845 1321 925 finis

159 961 420 1055 mentionem,
432 961 635 1072 duplicem
648 961 721 1041 esse
734 959 969 1042 methodum
981 959 1318 1051 constituendam

163 1071 227 1151 sed
240 1099 361 1151 unam
373 1074 518 1182 potius,
527 1075 672 1154 artium
682 1066 1320 1181 quidemtradendarum,eimque

164 1183 400 1290 analyticam
419 1185 493 1265 effe
512 1185 735 1266 dicendam.
1001 1183 1004 1190 ’

217 1296 347 1405 Atqui
360 1295 545 1378 methodus
562 1295 759 1405 nonsolrlm
778 1298 818 1377 in
836 1296 997 1379 materia
1013 1296 1155 1377 artium
1174 1311 1212 1375 et
1230 1294 1319 1376 doc·

161 1407 351 1488 trinarum
370 1406 580 1504 adhibetur,
587 1409 663 1518 sed
678 1411 716 1491 in
735 1409 896 1491 omnibus
914 1408 1023 1490 rebus
1039 1407 1266 1520 quassacili
1283 1424 1321 1487 et

154 1515 349 1629 perspicui
367 1521 492 1603 docere
509 1523 688 1606 volumus.
979 1612 982 1616 ,

218 1630 373 1742 Idedque
384 1643 521 1742 poii‘ae,
541 1654 719 1729 oratores,
740 1634 923 1745 omnisque
941 1631 1080 1714 omnini
1093 1630 1316 1742 scriptores,

161 1744 298 1849 quoties
317 1743 509 1827 docendum
520 1746 604 1850 fibi
623 1749 826 1829 auditorem
848 1762 1073 1857 proponunt,
1093 1744 1190 1827 sanc
1215 1743 1318 1823 viam

149 1854 263 1964 sequi
292 1856 437 1953 volunt,
465 1861 636 1970 quamvis
668 1890 739 1942 non
774 1860 1023 1971 usquequaque
1056 1856 1318 1963 ingrediantur

162 1984 275 2076 atque
293 1968 471 2077 infistant.
736 2054 739 2062 ,

217 2079 282 2160 Sic
310 2082 507 2190 Virgilius,
535 2084 575 2163 in
603 2084 826 2194 Georgicis,
850 2081 1046 2164 distribuit
1073 2079 1314 2193 propositam

160 2192 367 2273 materiam
387 2197 428 2274 in
447 2214 617 2304 quatuor
635 2216 777 2306 partes,
794 2217 839 2277 ut
857 2194 1100 2276 antedistum
1118 2193 1198 2286 est3
1231 2195 1314 2302 pri·

162 2301 308 2413 indque
334 2305 436 2387 libro
461 2336 521 2389 res
546 2336 778 2389 communes
805 2307 1063 2418 persequitur,
1085 2326 1129 2387 ut
1151 2305 1316 2387 astrolo-

161 2417 285 2523 giam,
299 2420 639 2529 meteorologiam,
651 2417 780 2530 ddque
793 2419 987 2529 segetibus
1003 2439 1043 2501 et
1055 2445 1191 2500 earum
1210 2415 1317 2496 culta

164 2527 422 2637 disseritque
439 2559 526 2640 pars
538 2534 667 2642 operis
683 2534 812 2642 prima
827 2551 933 2626 erat;
956 2551 1122 2641 tumque
1144 2530 1319 2610 transitio

163 2638 371 2721 adhibetur
390 2643 504 2724 initio
525 2644 682 2725 secundi
702 2645 808 2739 libri,

416 2841 612 2921 Hasienus
630 2869 810 2922 arvorum
829 2841 966 2934 cultus,
987 2843 1062 2920 dcc.

220 3037 328 3116 Dein
348 3034 481 3116 scribit
499 3037 735 3146 generaliter
754 3036 802 3115 de
823 3036 1041 3131 arboribus,
1063 3055 1149 3115 tum
1170 3032 1321 3144 specia-

165 3147 255 3227 liter
291 3149 341 3229 de
372 3149 532 3229 vitibus.
592 3151 657 3230 Sic
692 3168 775 3230 toto
806 3176 940 3258 opere,
970 3145 1321 3258 generaliffimum,

167 3261 321 3368 primo;
359 3258 591 3355 subalterna,
626 3262 786 3357 medio;
822 3260 1103 3370 specialiffima,
1139 3276 1322 3339 extremo

166 3370 253 3451 loco
274 3399 419 3480 ponere
440 3371 600 3453 studuit.

223 3484 402 3564 Eandem
418 3484 591 3578 Ovidius,
608 3486 648 3563 in
663 3484 800 3577 Fastis,
822 3483 1078 3594 dispositionis
1098 3480 1216 3589 hujus
1237 3509 1333 3591 gra·-

166 3595 262 3675 tiam
281 3595 468 3705 sequitur.
529 3597 721 3707 Proponit
738 3597 852 3676 initio
871 3596 1068 3677 summam
1089 3596 1248 3705 operis:

195 3786 374 3897 Tempora
392 3818 475 3872 cum
493 3789 610 3895 causta
630 3789 787 3870 Latium
806 3774 943 3897 digesta
955 3807 1197 3898 perannum,
1215 3788 1292 3868 &c

223 3976 328 4056 Mox
349 3977 625 4086 imploratione
647 3977 760 4070 fasta,
787 3977 1041 4088 partitionem
1060 3976 1153 4057 anni
1173 3975 1323 4057 statuit.

166 4088 278 4166 Tum
297 4116 529 4169 communes
557 4089 797 4169 differentias
824 4090 1098 4199 interpretatus
1116 4088 1198 4169 diei
1219 4088 1322 4182 fasti,

167 4198 317 4293 nefasti,
334 4201 411 4281 &a
429 4202 588 4280 tandem
609 4229 935 4309 unumquemque
950 4201 1125 4281 mensem
1145 4200 1214 4280 suo
1234 4202 1324 4281 loco

166 4310 427 4420 persequitur,
441 4331 480 4392 et
494 4314 641 4393 ordinis
655 4312 771 4420 hujus
786 4311 808 4393 al
821 4313 1068 4422 generalibus
1081 4313 1130 4393 ad
1143 4312 1325 4423 specialia

167 4424 340 4505 studium
360 4425 474 4507 suum
495 4424 722 4536 praefatione
741 4425 901 4506 indicat.
