2956 4980
158 207 237 309 408
467 191 681 327 Epistolae
709 192 990 291 Familiares.

159 394 304 447 munus
316 367 604 473 Evangelicum
615 369 719 478 apud
736 367 772 448 se
791 368 958 450 libenter
971 370 1212 451 obeundum
1232 369 1313 481 pos-

159 478 205 557 fit
231 479 463 559 conducere.
526 487 659 593 Qare
683 480 822 561 advola
847 485 1172 591 quamprimum,
1200 484 1229 563 fi
1254 511 1313 563 me

159 589 283 684 audis,
311 592 385 670 Vir
405 593 650 687 Reverende,
681 594 729 672 ad
752 593 1020 701 cupidissrmos
1049 596 1127 688 tui,
1156 594 1314 676 messem

159 699 227 780 hic
242 702 445 797 messurus,
459 704 527 783 etfi
542 706 845 785 commodorum
865 703 981 810 hujus
997 707 1144 786 mundi
1165 706 1315 786 sortasse

160 841 239 892 non
261 814 314 894 ita
333 815 510 908 uberem,
527 835 672 910 tamen,
688 844 810 923 quam
830 818 889 896 tui
908 817 1045 897 similis
1066 818 1315 926 potiffimum

161 953 237 1005 exo
268 946 364 1020 tant,
386 928 622 1020 animarum,
644 945 688 1005 ut
709 926 833 1035 spero,
855 928 1134 1009 numerosam:
1168 931 1316 1039 tibique

161 956 400 1146 persiradeas,
428 1058 465 1117 te
490 1039 583 1118 viris
604 1039 717 1118 bonis
743 1039 928 1120 omnibus
954 1043 1316 1149 expediatissimum

162 1147 235 1227 effe
266 1167 497 1244 venturum;
532 1169 571 1229 et
601 1152 906 1258 quantocitius,
940 1172 1049 1233 tanto
1080 1155 1313 1260 gratiorem.

163 1259 567 1482 Valil'essmonasterio.
590 1373 720 1482 April.
741 1399 808 1452 21.
837 1376 955 1481 1659.

470 1797 536 1880 29.
569 1773 734 1855 Henrico
756 1770 998 1885 Oldenburgo.

230 1934 378 2027 Ilentii,
398 1962 519 2041 quam
538 1936 637 2043 petis
657 1937 814 2015 veniam
834 1938 905 2031 tui,
926 1936 1034 2017 dabis
1054 1941 1192 2047 potius
1212 1942 1316 2036 mei;

255 2045 364 2150 cujus
385 2063 508 2140 erant,
529 2047 556 2125 sr
576 2049 757 2140 memini,
784 2047 1039 2156 respondendi
1059 2053 1182 2131 vices.
1245 2054 1317 2134 Me

163 2178 268 2237 certe
286 2185 366 2237 non
386 2158 597 2237 imminuta
616 2186 708 2265 erga
728 2178 767 2238 te
787 2160 980 2255 voluntas,
997 2159 1074 2242 hoc
1095 2164 1208 2242 enim
1229 2194 1318 2273 per·

164 2269 416 2350 suafiffimum
437 2271 511 2350 tibi
530 2269 603 2350 elle
622 2271 759 2364 velim,
786 2270 850 2350 sed
876 2273 940 2351 vel
965 2273 1103 2368 studia,
1123 2276 1191 2355 vel
1219 2302 1320 2356 curae

163 2383 384 2479 domesticae
401 2384 699 2492 impediverant,
720 2383 783 2461 vel
802 2382 882 2491 ipsa
901 2383 1054 2465 fortasse
1074 2387 1123 2466 ad
1144 2386 1318 2467 scriben-

163 2494 261 2574 dum
287 2497 461 2603 pigritia,
496 2493 699 2574 intermissi
729 2494 849 2573 officii
879 2523 991 2575 reum
1020 2496 1130 2579 facit.
1196 2500 1318 2611 Qod

164 2606 258 2686 stite
278 2608 404 2714 cupis,
422 2606 533 2686 valeo
549 2607 750 2715 equidem,
763 2607 846 2685 Deo
859 2607 1035 2711 juvante,
1053 2629 1096 2689 ut
1116 2610 1250 2692 soleo:
1272 2611 1319 2691 ab

164 2716 324 2797 historia
346 2719 565 2798 nostrorum
585 2739 769 2798 motuum
789 2720 1071 2814 concinnanda,
1092 2724 1203 2830 quod
1223 2721 1318 2804 hor-

166 2833 238 2911 tari
251 2830 407 2925 videris,
421 2831 538 2937 longe
552 2829 704 2924 absum;
727 2829 814 2909 sunt
829 2833 937 2910 enim
953 2833 1104 2927 silentio
1116 2834 1319 2942 digniores

165 2972 286 3050 quam
310 2945 524 3052 praeconio:
556 2971 628 3022 nec
657 2942 767 3022 nobis
797 2944 866 3049 qui
896 2963 1081 3024 motuum
1111 2944 1318 3027 historiam

164 3057 412 3150 concinnare,
438 3055 501 3135 sed
520 3055 590 3163 qui
610 3073 740 3134 motus
760 3054 861 3162 ipsos
885 3084 1124 3165 componere
1148 3056 1320 3140 feliciter

165 3169 294 3277 poffit,
315 3169 372 3248 est
388 3197 511 3277 opus:
545 3187 678 3246 tecum
697 3167 805 3245 enlm
824 3196 960 3247 vereor
979 3197 1027 3248 ne
1055 3169 1250 3252 libertatis
1275 3201 1319 3252 ac

165 3283 365 3389 religionis
385 3279 561 3360 hostibus
578 3291 682 3359 nunc
702 3306 828 3387 nuper
846 3278 1011 3374 sociatis,
1032 3283 1151 3362 nimis
1166 3312 1319 3393 oppor-

164 3396 250 3471 tuni
282 3395 384 3473 inter
415 3391 483 3472 has
516 3392 658 3472 nostras
685 3390 832 3470 Civiles
858 3392 1064 3472 discordias
1089 3396 1153 3506 vel
1182 3398 1320 3504 potius

165 3503 342 3596 insanias,
372 3507 598 3597 videamur;
629 3532 767 3583 verum
799 3532 878 3583 non
907 3505 966 3583 illi
992 3506 1163 3612 gravius,
1193 3537 1320 3617 quam

163 3615 386 3722 nosmetipsi
409 3613 563 3720 jamdiu
594 3614 749 3721 flagitiis
779 3617 930 3710 nostris,
962 3616 1144 3722 religioni
1172 3621 1319 3701 vulnus

43 3773 48 3782 ·
165 3728 381 3808 intulerint.
442 3724 517 3804 Sed
542 3727 663 3820 Deus,
688 3728 747 3805 uti
778 3726 901 3836 spero,
928 3748 1089 3836 propter
1119 3727 1155 3808 se
1177 3731 1320 3812 Glori-

166 3868 309 3950 amque
331 3838 451 3932 suam,
478 3867 563 3946 quae
587 3866 690 3917 nunc
716 3841 859 3946 agitur,
885 3841 1042 3920 confilia
1067 3841 1319 3953 impetusque

164 3951 338 4032 hostium
364 3980 413 4031 ex
439 3951 612 4059 ipsorum
641 3950 826 4031 sententia
857 3952 1060 4032 succedere
1093 3981 1173 4033 non
1205 3956 1318 4052 smet,

164 4064 354 4174 quicquid
377 4066 507 4171 Reges
532 4083 571 4142 et
595 4063 820 4143 Cardinales
845 4065 1048 4144 turbarum
1076 4066 1320 4148 meditentur

164 4199 231 4258 aut
264 4178 423 4257 struant.
484 4176 640 4282 Synodo
668 4177 815 4255 interea
835 4177 1140 4257 Protestantium
1161 4180 1319 4261 Laodu·

161 4291 270 4395 netfi,
292 4288 538 4397 propediem,
562 4308 604 4367 ut
623 4287 769 4381 scribis,
790 4290 1061 4383 convocandae,
1092 4319 1232 4399 precor
1261 4293 1317 4387 id,

162 4404 268 4511 quod
291 4401 387 4481 nulli
412 4397 539 4479 adhuc
564 4399 718 4506 Synodo
739 4405 918 4509 contigit,
945 4401 1118 4483 soelicem
1144 4406 1316 4502 exitum,
