2956 4980
161 255 240 339 342
362 218 525 315 Literae
552 214 778 315 Richardi
803 212 1098 314 Prote6toris.

158 388 304 468 artibus
325 388 366 466 in
386 416 427 466 re
444 390 572 469 navali
591 389 702 469 nobis
723 389 879 495 Reique
906 385 1073 495 publicae
1101 382 1311 474 utiliffimi,

158 499 539 580 commendavimus.
599 501 694 607 Ejus
720 527 816 579 nave
840 495 1029 578 Edwardo
1054 523 1162 575 anno
1194 496 1312 597 1646.

159 607 182 688 ir
214 611 390 718 quodam
420 611 554 706 Galle,
585 613 651 692 cui
685 638 831 691 nomen
862 607 1032 714 Basconi,
1054 604 1245 711 Thamefis
1275 607 1313 684 in

160 721 274 816 ostio,
290 742 336 802 ut
354 722 587 830 scripsimus,
598 723 727 832 capti,
739 742 780 802 et
799 724 839 800 in
859 738 976 828 portu
989 718 1209 824 Bononieefi
1220 745 1314 797 ven·

161 833 257 925 dita,
277 860 503 941 quanquam
535 836 626 913 Rex
655 832 883 920 inConcilio
907 830 1023 937 Regio
1053 855 1095 932 4.
1131 828 1314 909 Novemb.

161 971 264 1023 anno
281 947 400 1051 1647.
416 945 652 1037 decreverat,
664 964 709 1024 ut
728 972 849 1053 quam
868 941 1070 1023 censuiffet
1091 941 1314 1020 Confilium

161 1056 337 1163 pecuniae
356 1055 552 1135 summam
570 1057 706 1136 damni
725 1056 876 1164 accepti
896 1055 985 1135 loco
1001 1053 1194 1146 dandam,
1208 1052 1313 1133 satis-

162 1165 323 1246 fatiioni
342 1167 512 1260 daretur,
533 1169 718 1247 is'tamen
736 1195 788 1247 ex
806 1195 856 1246 eo
874 1167 1033 1246 decreto
1053 1162 1263 1244 nihildum
1283 1163 1316 1241 se

163 1275 312 1357 fruetis
337 1278 549 1387 percepiffe
582 1278 763 1359 ostendit.
834 1273 943 1357 Cirm
976 1294 1112 1356 autem
1147 1276 1317 1357 dubium

163 1387 265 1469 mihi
293 1417 372 1469 non
399 1391 457 1483 fit,
478 1391 575 1498 quin
596 1391 807 1473 Eminentia
829 1388 959 1498 Vestra
983 1415 1076 1467 meo
1102 1406 1247 1494 rogatu
1279 1387 1316 1465 id

162 1529 281 1580 omne
312 1502 554 1581 mandaverit
585 1503 692 1609 quod
730 1503 777 1583 ad
817 1503 1021 1581 decretum
1051 1499 1153 1578 illud
1184 1500 1316 1608 primo

163 1639 322 1720 quoque
343 1632 521 1722 ternpore
535 1614 812 1720 exequendum
826 1612 1051 1722 pertineret,
1064 1610 1197 1688 denuo
1215 1637 1316 1688 nunc

164 1724 434 1831 majoremque
467 1726 507 1803 in
537 1728 704 1804 modum
737 1743 843 1833 peto,
864 1740 908 1803 ut
931 1722 1063 1803 videre
1089 1721 1188 1800 velit
1220 1722 1315 1828 quid

163 1835 450 1942 impedimento
470 1837 530 1929 fit,
545 1835 699 1940 cujusve
720 1835 960 1944 negligendi
978 1852 1046 1912 aut
1064 1832 1316 1913 contumacii

164 1943 328 2039 faetum,
342 1965 386 2025 ut
403 1947 560 2027 decreto
582 1949 711 2054 Regio
731 1947 817 2057 post
836 1974 956 2028 annos
971 1944 1055 2049 jam
1075 1944 1220 2024 decem
1240 1971 1315 2022 non

163 2055 480 2165 obtemperetur,
511 2059 685 2166 velitque
709 2088 782 2168 pro
808 2057 873 2137 sua
897 2055 1135 2136 authoritate
1160 2055 1314 2147 instare,

164 2187 210 2246 ut
228 2169 383 2247 decreta
402 2169 470 2247 illa
494 2173 675 2278 pecunia,
696 2197 817 2279 quam
837 2170 1051 2273 irrogatam
1068 2166 1228 2271 jamdiu
1248 2193 1316 2247 ex·

164 2280 397 2373 istimamus,
435 2299 475 2360 et
504 2282 687 2389 exigatur
724 2281 1037 2389 quamprimum,
1076 2296 1117 2358 et
1156 2277 1317 2386 petitori

164 2392 295 2471 nostro
323 2392 502 2473 solvatur.
561 2394 621 2475 Ita
647 2420 731 2473 rem
751 2392 910 2498 justitiae
932 2390 1130 2498 imprimis
1162 2408 1315 2496 gratam

165 2502 376 2582 Eminentia
392 2504 520 2611 Vestra
534 2502 684 2598 fecerit,
698 2523 737 2584 et
755 2502 778 2583 ὲ
797 2532 862 2582 me
882 2502 1116 2610 fingularem
1131 2497 1316 2608 praeterei

164 2616 331 2719 gratiam
351 2615 495 2695 inierit.

225 2727 281 2804 W
276 2725 544 2834 estmonasterio.
566 2757 612 2806 ex
630 2727 737 2807 Aula
758 2726 894 2835 nostra,

366 2862 433 2917 22.
456 2838 547 2918 Feb.
577 2837 696 2945 1658.
744 2882 747 2886 >

166 3179 284 3269 Duae
310 3170 551 3305 sequentes
567 3177 748 3294 Literae‚
769 3178 1054 3270 chrrnnuo
1079 3169 1311 3289 abdicat0,

227 3311 448 3410 Restituti
467 3313 750 3412 Parlamenti
765 3317 957 3410 nomine
977 3312 1131 3444 scripti
1147 3310 1269 3408 sunt.

168 3559 451 3640 Parlamentum
470 3561 628 3670 Reipub.
650 3561 807 3668 Angliae
815 3560 1034 3667 strenifflmo
1058 3557 1313 3669 potentfflmo·

224 3700 292 3780 que
312 3671 490 3781 Principi
501 3674 645 3753 Carolo
661 3673 849 3766 Gustavo,
868 3674 1080 3764 Suecorum,
1101 3672 1315 3760 Gothorum,

226 3782 544 3895 Vandalorumque
563 3785 675 3892 Regi,
695 3786 774 3865 &a

167 3943 411 4023 Sereniffime
429 3944 769 4054 potentissimeque
785 3947 890 4039 Rex,

325 4056 469 4135 Amice
489 4054 724 4150 chariffime,

261 4177 344 4254 Um
369 4178 494 4257 visum
521 4180 567 4258 fit
592 4182 685 4260 Deo
709 4180 865 4288 optimo
891 4197 1009 4286 atque
1035 4177 1315 4286 omnipotenti,

287 4316 404 4396 penes
423 4317 546 4396 quem
566 4291 692 4370 solum
712 4291 979 4370 converfiones
998 4318 1137 4371 omnes
1155 4292 1316 4397 Regno

164 4428 268 4494 rurn,
286 4403 517 4508 Rerumque
537 4401 788 4510 publicarum
808 4402 910 4497 sunt,
931 4404 1022 4485 Nos
1036 4402 1207 4513 pristinae
1227 4428 1316 4482 auc·
