2956 4980
530 108 759 209 Praefatio
1200 159 1221 240 3

56 312 125 367 ara
138 288 292 396 Logica
306 287 489 368 omnium
505 289 635 397 prima
647 289 703 368 est
718 286 869 395 suisque
883 286 1028 371 finibus
1043 288 1224 373 latiffime

59 418 189 508 patet,
215 401 452 510 praemittam
478 401 658 509 quaedam
680 401 730 479 de
753 419 835 478 arte
858 403 1070 508 generalia,
1095 404 1223 511 deque

58 509 214 591 artium
227 508 526 606 distributione;
556 531 682 591 artem
698 512 839 591 deinde
855 512 980 620 ipsam
995 514 1220 624 persequar:

61 623 115 702 ad
133 641 376 717 extremum,
393 623 603 731 Analytica
614 626 792 733 quaedam
804 626 1004 734 exempla,
1017 627 1093 705 five
1109 628 1223 708 usum

61 737 174 828 artis,
191 736 482 816 exercitationis
498 737 624 830 causa,
638 736 685 816 iis
705 737 849 843 quibus
863 765 963 845 opus
982 738 1050 830 est,
1064 758 1104 819 et
1119 741 1158 818 in
1173 768 1221 821 eo

61 873 211 953 genere
245 876 428 928 exercere
460 845 497 927 se
528 848 639 941 libet,
668 848 890 927 exhibebo:
935 849 1093 957 Qribus
1123 879 1222 961 opua

61 957 123 1036 est
141 958 328 1069 iuquam3
347 959 491 1068 quibus
503 959 612 1038 enim
623 961 830 1068 ingenium
845 988 915 1070 per
930 963 967 1040 se
979 962 1087 1068 viget
1103 982 1221 1072 atque

61 1070 206 1180 pollet,
221 1073 270 1152 iis
285 1091 331 1151 ut
351 1074 391 1149 in
410 1069 489 1150 hoc
507 1098 649 1178 genere
666 1073 877 1180 Analytico
895 1099 989 1152 cum
1010 1073 1141 1154 labore
1161 1074 1221 1155 ni-

63 1184 152 1261 mio
177 1209 223 1263 ac
249 1182 403 1264 miseria
430 1180 467 1261 se
495 1202 714 1290 torqueant,
736 1211 815 1262 non
836 1182 922 1263 sum
941 1183 1095 1268 author.
1155 1187 1222 1265 Ad

62 1293 109 1372 id
127 1295 237 1373 enim
257 1323 317 1376 ars
336 1292 558 1387 adhibetur,
573 1313 618 1372 ut
637 1315 817 1375 naturam
830 1295 956 1400 juvet,
978 1323 1058 1375 non
1077 1316 1123 1376 ut
1143 1299 1222 1376 im-

63 1406 227 1513 pediat:
257 1406 434 1488 adhibita
452 1408 572 1485 nimis
600 1407 716 1486 anxie
742 1407 938 1515 nimisque
956 1408 1162 1501 subtiliter,
1183 1428 1222 1488 et

61 1516 281 1626 praesertim
299 1517 369 1597 ubi
387 1545 485 1625 opus
500 1519 661 1610 nonest,
677 1520 884 1626 ingenium
899 1547 970 1628 per
984 1519 1021 1598 se
1035 1518 1122 1626 jam
1135 1521 1221 1600 saris

62 1648 246 1722 acutum,
258 1629 443 1708 obtundit
460 1631 590 1738 potius
610 1657 731 1736 quam
751 1632 881 1724 acuit;
912 1631 966 1710 ita
985 1631 1100 1738 plane
1117 1649 1163 1711 ut
1181 1632 1221 1709 in

61 1742 266 1820 medicina
282 1741 548 1820 remediorum
568 1740 656 1820 usus
672 1742 734 1819 vel
754 1744 899 1822 nimius
911 1741 974 1820 vel
994 1770 1072 1821 non
1093 1742 1223 1823 neces-

62 1850 200 1944 sarius,
228 1853 495 1932 valetudinem
526 1852 705 1932 debilitat
735 1856 1019 1961 potiusquam
1050 1854 1220 1933 roborat.

65 1963 194 2075 Qud
219 1982 352 2043 autem
375 1964 588 2071 Arssotelis
610 1966 859 2074 aliorumque
882 1985 1061 2044 veterum
1085 1971 1221 2046 aucto·

63 2076 227 2154 ritatem
248 2075 296 2154 ad
315 2076 483 2182 lingulas
502 2074 583 2154 fere
604 2077 762 2183 Logicae
782 2077 935 2183 regulas
955 2077 1220 2183 adjungimus,

61 2186 107 2265 id
127 2186 291 2294 quidem
312 2189 353 2266 in
374 2188 559 2266 tradenda
577 2205 659 2267 arte
681 2187 966 2297 supervacuum
985 2186 1129 2281 sufflet,
1151 2190 1221 2268 nifi

63 2299 251 2377 novitatis
275 2299 454 2410 suspicio,
475 2325 562 2405 quae
582 2301 700 2379 Petro
721 2303 838 2379 Rama
858 2298 1044 2378 hactenus
1070 2301 1221 2408 potisfi-

62 2437 182 2488 mum
200 2408 345 2504 obfuit,
365 2410 542 2489 addudis
563 2411 652 2518 ipfis
671 2429 851 2490 veterum
879 2410 1092 2491 authorum
1113 2412 1220 2491 testi·

60 2518 227 2614 moniis,
247 2518 339 2602 elset
357 2521 593 2601 amolienda.

123 2632 287 2712 Artium
317 2635 500 2713 omnium
529 2630 637 2738 quafi
675 2659 817 2742 corpus
851 2651 890 2712 et
923 2632 1220 2743 comprehensio

64 2741 362 2845 iyuvxnonoeeler‘a
383 2747 532 2838 Graece,
559 2744 588 2822 i.
603 2773 638 2823 e.
669 2745 897 2824 eruditionis
925 2746 1111 2825 circuitus
1130 2747 1221 2852 qui-

61 2855 159 2935 dam
187 2857 228 2934 in
255 2858 294 2937 se
325 2857 535 2948 redeuntia,
556 2855 732 2963 adeoque
761 2859 802 2935 in
830 2857 867 2935 se
894 2856 1075 2935 absolutae
1102 2874 1219 2963 atque

62 2967 262 3075 perfectae,
276 2968 337 3047 vel
355 2965 608 3076 Philosophia
627 2968 785 3048 dicitur.
837 2969 935 3046 Haec
955 2994 1049 3046 cum
1069 2966 1220 3073 sapien·

63 3081 129 3158 tiae
149 3081 322 3159 studium
338 3081 496 3190 proprie
516 3079 720 3186 fignificat,
735 3098 823 3158 tum
835 3079 956 3186 vulgo
971 3080 1116 3159 artium
1130 3105 1219 3156 om·

64 3192 181 3270 nium
199 3193 261 3271 vel
281 3193 512 3286 doctrinam,
534 3193 598 3271 vel
617 3191 842 3271 scientiam:
874 3191 1105 3284 doctrinam,
1125 3217 1219 3269 cum

64 3323 257 3412 praecepta
274 3304 418 3383 artium
439 3305 578 3398 tradit3
611 3303 828 3396 scientiam,
843 3330 937 3383 cum
957 3331 1030 3396 ars,
1043 3331 1128 3410 quae
1147 3301 1219 3380 ha-

61 3412 170 3494 bitus
197 3416 442 3522 estquidam
468 3418 627 3509 mentis,
654 3418 855 3524 praeceptis
882 3415 959 3494 illis
988 3415 1218 3523 percipitur,

62 3526 249 3632 quafique
270 3527 494 3634 poffidetur.
555 3527 709 3606 Eodem
724 3529 901 3606 modoet
919 3528 1010 3605 artis
1026 3525 1220 3633 fignifica-

63 3636 121 3714 tio
149 3635 426 3745 distinguitur:
461 3664 555 3717 cum
583 3639 800 3718 doctrinam
831 3638 1034 3745 fignificat,
1066 3638 1114 3716 de
1141 3664 1220 3744 qua

62 3746 178 3828 nobis
195 3749 439 3857 potiffimum
461 3749 528 3828 hic
548 3749 605 3829 est
623 3751 836 3857 agendum,
856 3751 912 3828 est
929 3750 1105 3829 ordinata
1123 3777 1220 3856 prae-

64 3878 273 3968 ceptorum
289 3863 645 3971 exemplorumque
660 3860 958 3971 comprehenfio
970 3861 1046 3941 five
1059 3859 1219 3940 metho-

64 3970 154 4065 dus,
173 3999 251 4079 qua
270 3973 426 4080 quidvis
446 3974 543 4052 utile
563 3976 739 4053 docetur.

120 4085 231 4164 Artis
254 4087 419 4165 materia
447 4103 639 4195 praecepta
658 4085 769 4167 sunt:
800 4114 886 4195 quae
904 4084 1036 4193 qualia
1054 4081 1128 4162 elle
1147 4081 1219 4161 de-

62 4192 195 4289 beant,
216 4197 308 4275 artis
326 4197 497 4304 Logicae,
517 4224 640 4305 quam
659 4225 764 4278 nunc
784 4199 990 4293 tradimus,
1010 4193 1217 4304 proprium

61 4306 119 4384 est
137 4306 205 4387 suo
224 4309 314 4388 loco
331 4307 592 4419 praescribere.
