2956 4980
285 107 446 203 Literae
472 109 663 201 Senatus
690 104 959 237 Anglicani.
1125 143 1195 222 191

10 524 12 531 Ι
79 561 303 668 Seremfflno
323 560 499 670 Princpai
515 562 662 666 Joanni
680 563 826 668 Qarto
843 562 1052 667 Luſstaniae
1072 562 1194 667 Regi,

208 674 495 754 Parlamentum
515 671 674 782 Repub.
693 675 787 780 Ang
787 673 862 767 liae,
869 673 941 779 strl
937 693 1047 754 utem.

181 846 280 927 Ulta
299 874 368 927 nos
387 865 427 925 et
446 845 575 925 infidae
593 845 715 955 pacis,
736 864 777 923 et
796 844 967 925 intestini
986 845 1079 925 belli
1099 844 1203 923 mala

215 959 354 1038 ultima
392 957 600 1067 perpessos,
634 956 682 1035 eb
718 952 882 1036 demum
914 958 993 1037 loci
1031 957 1204 1038 redactos

55 1066 180 1162 fuiffe,
206 1088 251 1149 ut
274 1068 302 1147 fi
329 1067 472 1156 salvam
494 1067 713 1176 Rempubl.
739 1066 1004 1163 vellemus‚e
972 1096 1052 1174 ejus
1077 1068 1203 1148 admi-

56 1179 243 1260 nistrandi
265 1180 363 1259 ratio
383 1207 526 1285 magna
545 1207 595 1258 ex
621 1197 730 1287 parte
753 1179 999 1259 immutanda
1023 1180 1128 1272 effet,
1152 1206 1203 1258 ex

56 1291 101 1371 iit
119 1318 207 1400 quae
226 1320 248 1370 a
228 1287 379 1372 nobis
397 1289 472 1370 hac
491 1289 596 1370 dere
618 1290 758 1398 scripta
776 1289 934 1399 publicd
954 1310 994 1378 et
1012 1292 1204 1370 declarata

57 1402 158 1496 sunt,
179 1400 380 1510 Majestati
398 1402 438 1481 V
431 1401 571 1511 strae
576 1429 639 1481 am
666 1401 819 1510 pridem
843 1421 983 1481 notum
1006 1401 1080 1481 esse
1099 1401 1205 1480 arbi-

55 1532 219 1595 tramur
281 1514 454 1626 Qibus
478 1533 523 1594 ut
545 1541 615 1622 par
638 1512 708 1605 est,
737 1511 764 1591 fi
795 1510 889 1592 fides
920 1509 1051 1623 potibs
1082 1512 1203 1592 habe-

55 1645 177 1720 retur,
217 1623 338 1734 quitm
377 1625 670 1734 improbiffimis
708 1624 953 1733 perditorum
991 1623 1204 1704 hominum

52 1737 276 1831 calumniis,
292 1736 379 1818 sand
395 1765 466 1846 qur
454 1735 575 1817 foris
590 1736 638 1816 de
655 1737 769 1816 rebus
784 1736 923 1817 nostris
942 1734 1037 1846 peis
1038 1735 1133 1816 ιιιὲ
1116 1763 1203 1842 Jam

56 1834 307 1943 sentiunt,”
280 1877 327 1929 ns
365 1847 518 1929 fortaffe
556 1847 685 1927 multb
723 1848 957 1957 aequioribus
990 1868 1205 1930 uteremur.

55 1961 169 2042 Nam
184 1961 292 2069 quod
313 1988 383 2041 nos
395 1960 484 2066 jure
504 1960 649 2052 nostro,
673 1984 825 2069 proque
844 1960 1039 2066 gentilitia
1057 1961 1206 2068 Anglo·

52 2100 137 2153 rum
157 2072 353 2166 libertate,
375 2070 479 2153 redd
497 2091 537 2152 et
557 2071 753 2176 majorum
775 2100 883 2151 more
904 2070 1057 2151 fortiter
1076 2071 1205 2152 feciffe

53 2183 346 2281 contendimus,
371 2184 421 2262 de
443 2213 492 2265 eo
494 2211 645 2311 'pravas
664 2201 704 2263 et
723 2183 932 2263 obstinatas
953 2183 1207 2291 nequiffimo·

57 2323 148 2377 rum
166 2295 378 2375 hominum
383 2296 599 2425 opiniones
614 2322 664 2374 ex
680 2296 821 2374 animis
837 2294 1016 2388 evellere,
1028 2292 1211 2373 humanae

57 2408 146 2517 opis
165 2424 233 2487 aut
258 2409 410 2513 ingenii
435 2405 540 2487 certe
567 2407 739 2486 nonest.
798 2406 1209 2515 Nuncautemquod

57 2517 173 2599 nobis
191 2544 287 2598 cum
306 2518 531 2599 nationibus
550 2520 722 2598 externis
739 2545 969 2612 commune,
993 2537 1033 2598 et
1056 2520 1097 2597 in
1124 2546 1209 2598 rem

59 2632 248 2738 utrinque
275 2632 402 2736 magis
431 2630 576 2723 existit,
608 2630 825 2710 amicitiam
853 2648 893 2709 et
923 2631 1210 2710 commercium

56 2740 167 2851 quod
180 2740 318 2820 nostris
331 2741 573 2834 hominibus,
586 2769 680 2821 cum
691 2742 819 2820 vicina
830 2769 1080 2849 quacumque
1092 2760 1210 2848 gente

54 2851 260 2934 consuevit
283 2853 372 2947 effe,
402 2879 481 2933 non
509 2854 783 2945 imminutum,
813 2854 878 2932 sed
904 2857 1065 2932 auctum
1090 2871 1208 2960 atque

59 2982 193 3044 ratum
207 2963 446 3075 magnopere
461 2966 660 3073 cupimus.
694 2966 880 3072 Cumque
894 2965 1043 3043 vestro
1032 2992 1073 3043 ιιι
1087 2990 1210 3070 regno

56 3077 268 3186 populares
282 3078 402 3157 nostri
418 3104 633 3205 permagna
648 3094 688 3156 et
703 3104 773 3185 per
791 3078 947 3184 utrique
960 3079 1070 3183 genti
1089 3073 1210 3184 quaes-

55 3186 169 3268 tuosa
187 3185 357 3268 habeant
377 3190 548 3294 negotia,
565 3189 612 3266 iis
632 3216 680 3267 ne
698 3187 1031 3295 impedimentum
1050 3187 1209 3296 aliquod

56 3318 128 3378 aut
140 3299 454 3379 incommodum
485 3298 683 3392 afferatur,
713 3318 907 3406 quantum
931 3300 971 3378 in
998 3299 1111 3380 nobis
1136 3300 1210 3394 est,

58 3409 301 3491 curabimus.
362 3411 408 3490 Id
435 3410 527 3491 verb
551 3411 796 3520 praedicimus
825 3409 965 3490 frustra
988 3410 1086 3505 fore,
1112 3411 1210 3490 dum

58 3521 199 3650 piratis
218 3539 259 3601 et
281 3521 544 3603 defectoribus
569 3523 706 3602 nostris
731 3521 960 3652 perfugium
986 3523 1056 3602 fibi
1075 3521 1209 3602 vestris

57 3634 101 3712 in
119 3633 313 3742 portubus
333 3635 517 3744 reperire,
535 3654 574 3714 et
593 3636 779 3714 onerariis
791 3636 1011 3761 'Anglorum
1030 3634 1209 3725 navibus,

58 3745 101 3824 vi
118 3745 244 3855 captis
263 3765 380 3854 atque
400 3746 578 3854 direptis,
603 3745 758 3825 bona
724 3746 874 3824 civium
895 3747 1115 3826 nostrorum
1140 3742 1209 3825 sub

59 3854 169 3936 hasta
184 3857 351 3936 vendere
366 3858 601 3994 Oliffipone,
614 3876 657 3937 ut
669 3859 869 3937 nuntiatur
872 3857 1126 3967 ,permissum
1140 3858 1210 3939 est.

57 3968 175 4048 Huic
191 3969 298 4049 malo
317 3997 397 4077 quo
418 3966 608 4049 maturiirs
627 3988 866 4060 occurratur,
883 3990 922 4050 et
941 3970 1049 4049 de
1009 3999 1068 4063 ea,
1089 3998 1209 4077 quam

58 4080 297 4187 petimus,a
275 4081 451 4161 amicitia
481 4078 622 4161 claribs
647 4099 691 4159 ut
717 4080 881 4174 constet,
909 4082 1210 4162 Nobiliffimum

59 4191 209 4270 Virum
241 4192 416 4275 Carolum
442 4191 557 4286 Vane,
589 4192 767 4274 Oratoris
795 4221 960 4274 munere
991 4195 1211 4302 praeditum,

56 4330 154 4383 cum
181 4304 375 4385 mandatis
399 4323 515 4411 atque
543 4304 772 4412 diplomate,
800 4306 995 4385 commiffi
1024 4305 1092 4385 fibi
1121 4334 1211 4385 mu-
