2956 4980
156 268 242 350 -330
385 226 550 321 L‘iterae
575 219 770 319 Oliverii
794 218 1086 321 Protestoris'.

159 401 252 482 duci
271 398 400 509 posse3
427 417 467 478 et
490 398 596 507 quod
621 397 770 477 mimm
797 396 885 478 sane
903 397 1095 490 videatur,
1118 398 1308 507 privatam

27 540 31 547 ’
158 515 319 598 illarum
338 513 535 591 mercium
559 509 826 619 posseffionem
846 509 1128 619 proscriptione
1154 510 1310 619 publica

124 634 127 640 '
161 623 395 706 defendere:
416 621 512 703 clun
527 624 676 702 videret
692 622 729 702 se
745 620 953 702 hominem
963 622 1232 731 longinquum
1243 623 1310 699 de-

163 739 303 818 teriore
336 736 559 815 conditione
593 762 687 813 cum
721 731 989 838 Tamireafibus
1019 735 1075 813 in·
1091 734 1158 813 sua
1190 735 1310 842 patria

162 848 413 940 contendere,
445 848 492 927 ad
531 846 764 955 Majssatem
806 846 972 953 Vestram
1001 845 1037 925 se
1068 844 1309 955 confugisse3

165 960 456 1041 Conservatoris
489 958 701 1063 judicium,
735 958 806 1068 qui
833 958 1055 1065 judicandis
1085 959 1311 1067 Anglorum

163 1073 283 1154 causis
300 1070 530 1150 constitutus
550 1069 619 1163 est,
637 1071 856 1180 supplicem
871 1069 1108 1181 poposcisse3
1131 1070 1310 1176 aMajes·

165 1204 243 1265 tate
263 1181 401 1262 Vestra
424 1181 551 1261 rursus
581 1183 630 1262 ad
661 1181 855 1262 forensem
887 1183 995 1262 illam
1026 1184 1309 1291 cognitionem,

165 1297 268 1376 unde
294 1292 540 1402 confugerat,
571 1295 757 1400 rejectum
781 1294 869 1374 esse.
929 1296 1051 1403 Qud
1078 1295 1146 1374 etfi
1179 1323 1251 1405 per
1279 1295 1310 1373 se

163 1410 349 1516 iniquum
373 1433 452 1486 non
476 1405 546 1500 est,
574 1424 705 1486 tamen
732 1403 828 1485 ciam
847 1407 1099 1516 perspicuum
1119 1406 1166 1486 s1t
1188 1403 1311 1487 Tami-

165 1519 284 1628 renses
308 1519 399 1599 istos
424 1519 549 1599 vestro
574 1518 703 1598 edicto
728 1519 892 1627 publico
915 1519 963 1599 ad
990 1519 1100 1598 suam
1119 1520 1311 1628 privatam

166 1630 347 1713 fraudem
370 1631 494 1724 abuti,
521 1627 767 1737 iMajestate
787 1631 924 1711 Vestra
944 1631 1134 1738 majorem
1159 1632 1201 1709 in
1228 1659 1311 1711 mo-

166 1745 265 1825 dum
284 1744 470 1853 petimus,
487 1761 532 1823 ut
550 1743 704 1824 causam
721 1739 837 1849 hujus
850 1743 985 1823 multis
1003 1741 1152 1823 casibus
1164 1740 1311 1837 afflicti,

167 1857 215 1936 ad
236 1858 490 1965 inopiamque
509 1855 669 1949 redacti,
690 1855 739 1934 ad
760 1854 1085 1935 Conservatorem
1104 1856 1238 1964 potius
1250 1856 1312 1960 ju·

167 1969 298 2046 dicem
328 1969 536 2075 proprium
563 1967 657 2047 velit
685 1995 757 2076 pro
784 1966 850 2047 sua
880 1968 1091 2047 clementia
1121 1969 1311 2075 integram

168 2080 392 2158 remittere:
414 2106 493 2185 quo
509 2079 623 2187 possit
639 2080 752 2187 inops
771 2077 1020 2159 fortunarum
1039 2079 1197 2160 suarum
1211 2077 1312 2187 quod

169 2189 339 2300 superest
362 2188 410 2268 ab
434 2189 595 2269 illorum
614 2188 839 2271 hominum·
852 2191 971 2271 infida
999 2190 1181 2271 societate
1205 2219 1311 2270 recu·

169 2331 328 2413 peraret
362 2301 416 2395 id,
441 2329 481 2381 re
500 2304 673 2410 cogniti,
700 2305 798 2410 quin
818 2302 1017 2410 Majestati
1037 2303 1171 2382 vestrae
1190 2302 1311 2383 nobis·

168 2443 262 2495 cum
282 2410 359 2494 und
377 2412 553 2494 maxime
572 2415 724 2523 placeat
743 2442 821 2495 non
840 2415 1079 2495 dubitamus.

258 2541 314 2618 W
308 2537 563 2646 estmonasterio
582 2568 628 2618 ex
647 2539 756 2618 Aula
773 2538 910 2648 nostra,

336 2649 393 2727 die
408 2650 577 2758 Augusti
591 2653 672 2730 An.
697 2651 815 2757 1658.

172 3022 390 3128 Serenffmo
403 3020 578 3129 Principi
590 3022 794 3131 Leopoldo
807 3024 977 3133 Austriae
987 3024 1212 3120 Archiduci,
1222 3026 1314 3106 Pr'o-

226 3135 437 3215 vinciarum
456 3137 494 3216 in
514 3134 642 3240 Belgio
647 3134 725 3241 stab
746 3136 920 3245 Philippo
940 3135 1211 3247 Hstaniarum
1226 3136 1319 3245 Regi

229 3247 403 3351 nasta:

259 3410 503 3489 Sereniffime
525 3412 716 3505 Domine,

266 3535 409 3612 Arolus
422 3535 660 3631 Harbordus,
673 3541 733 3618 vir
745 3539 935 3649 Equestris
947 3541 1050 3649 apud
1068 3568 1138 3620 nos
1154 3538 1320 3630 Ordinis,

295 3672 363 3752 per
384 3646 564 3724 libellum
585 3648 804 3758 supplicem
825 3651 873 3730 ad
894 3671 962 3731 not
982 3652 1139 3745 detulit,
1165 3651 1202 3730 se
1221 3651 1322 3731 bona

171 3755 350 3861 quaedam
374 3776 414 3836 et
444 3757 727 3865 supellectilem
751 3791 845 3843 cum
868 3792 919 3843 ex
942 3763 1149 3843 Hellandid
1169 3764 1324 3869 Brugas

174 3870 214 3944 in
235 3866 427 3950 ditionem
440 3869 605 3950 vestram
621 3871 854 3980 asportasset,
871 3877 920 3954 de
935 3877 996 3969 iis,
1009 3905 1058 3956 ne
1072 3875 1141 3954 s1bi
1157 3902 1229 3983 per
1240 3875 1325 3954 vim

173 3999 290 4085 atque
311 3982 492 4088 injuriam
509 3985 736 4092 eripiantur,
758 3986 960 4096 inopinato
980 3988 1207 4096 periclitari.
1269 3989 1327 4066 Ea

172 4117 330 4200 nempe,
352 4121 445 4173 cum
465 4092 487 4173 ὲ
509 4096 646 4176 Comite
668 4098 922 4208 Suffolclienfi
939 4128 1106 4209 proquo
1127 4100 1164 4179 se
1184 4101 1327 4206 grandi

172 4231 245 4282 aere
269 4203 396 4284 alieno
420 4205 693 4303 obstrinxerat,
718 4239 768 4290 ex
787 4213 937 4318 Anglia
956 4214 1034 4294 An.
1070 4215 1189 4317 1643.
1217 4212 1328 4291 missa

172 4314 220 4393 ad
239 4314 277 4393 se
291 4316 437 4397 idcirco
455 4317 625 4413 fuissent,
639 4341 683 4401 ut
703 4321 878 4417 haberet,
895 4353 976 4432 quo
992 4324 1060 4404 fibi
1077 4322 1328 4417 satisfaceret,

172 4426 298 4537 siquid
317 4457 389 4538 pro
410 4430 479 4511 illo
494 4432 696 4516 dissolvere
715 4457 937 4544 cogeretur,
958 4434 1186 4519 iRicltardo
1206 4439 1331 4519 Gren-
