2956 4980
271 224 507 354 Scriptum
532 228 677 318 Dom.
707 225 997 319 Protedtoris.
1129 240 1206 345 363

56 414 139 475 tros
159 394 265 475 certe
286 395 387 504 ipsos
411 396 633 524 puduerit
622 426 663 476 m
687 395 761 478 hac
784 398 1042 478 controversla
1063 396 1212 477 fattum

56 534 295 615 negare,J
225 507 295 613 dej
300 537 369 587 ure
383 509 515 618 potius
532 509 734 588 nobiscum
747 510 1048 618 disceptaturos;
1070 538 1214 618 quem-

55 615 279 700 admodum
311 620 458 700 scilicet
479 619 674 729 Hspaniae
706 650 789 714 rex,
821 623 921 701 inter
951 621 1085 702 titulos
1113 622 1214 716 suos,

57 734 164 840 regis
196 730 391 812 Indicarum
419 732 582 812 titulum
609 733 678 812 fibi
708 732 881 842 sumpfit,
913 735 967 813 ita
996 734 1214 813 universam

58 844 222 938 Indiam,
251 872 439 953 mareque
465 842 634 925 Indicum
665 864 746 925 tam
776 846 931 926 Boreale
959 874 1081 952 quam
1110 845 1215 951 Aus-

56 959 159 1038 trale
178 956 287 1036 suam
307 957 382 1036 effe
401 958 602 1084 propriam
621 957 829 1050 ditionem,
856 954 1059 1064 hostesque
1078 986 1215 1038 omnes

57 1087 99 1147 et
114 1069 257 1179 piratas
273 1068 361 1162 effe,
376 1068 446 1177 qui
460 1069 542 1174 ejus
554 1068 692 1174 injufiu
707 1069 803 1149 illuc
817 1068 1052 1150 accesserint
1092 1070 1214 1182 Qod

58 1179 117 1258 fi
106 1201 161 1262 rta
181 1179 287 1274 efiet,
302 1200 341 1260 et
361 1209 430 1260 nos
447 1201 486 1259 et
504 1208 640 1260 omnes
656 1200 800 1261 caeterae
816 1182 1007 1274 nationes,
1023 1183 1215 1292 quicquid

56 1292 106 1372 iis
128 1295 168 1372 in
189 1292 285 1373 locis
309 1293 559 1401 poffidemus,
588 1294 625 1372 ei
639 1293 869 1420 relinquere
893 1321 938 1371 ac
963 1294 1137 1388 reddere,
1158 1314 1212 1388 et,

59 1405 231 1484 reductis
247 1405 412 1484 coloniis
426 1405 606 1498 nostris,
594 1403 744 1509 mjuriae
764 1404 832 1483 fibi
848 1403 957 1484 satta
972 1407 1127 1485 veniam
1143 1435 1215 1515 pe-

58 1534 140 1597 tere
170 1515 417 1595 deberemus.
478 1517 631 1596 Verum
660 1516 687 1594 fi
717 1520 909 1597 rationem
940 1544 983 1594 ac
1008 1520 1214 1597 veritatem

58 1629 165 1708 illius
186 1628 293 1707 tituli
313 1624 429 1708 altihs
449 1628 715 1735 inspiciamus,
732 1629 839 1708 tenui
860 1629 1077 1709 admodum
1096 1651 1213 1737 atque

58 1740 219 1819 infirmo
232 1767 327 1818 eum
340 1741 412 1819 nitr
402 1739 683 1820 fundamento
699 1742 1004 1850 comperiemus,
1013 1770 1094 1848 quo
1108 1762 1213 1821 tanta

57 1853 360 1931 contentionum
380 1880 424 1932 ac
444 1852 537 1932 belli
559 1852 683 1932 moles
703 1853 996 1961 superstruenda
1012 1855 1071 1946 fit,
1087 1883 1212 1963 quan·

58 1983 140 2044 tam
161 1962 262 2043 hanc
282 1964 489 2044 verifimile
510 1965 567 2045 est
586 1964 773 2045 futuram.

115 2077 282 2185 Duplex
303 2077 440 2157 titulus
460 2075 677 2185 prefertur,
695 2104 840 2186 papam
860 2077 1044 2157 videlicet
1064 2106 1109 2156 ea
1126 2076 1212 2157 loca
1254 2154 1258 2161 .

56 2187 227 2282 donafie,
254 2188 369 2296 seque
390 2190 538 2297 primos
558 2190 741 2269 omnium
761 2188 1025 2298 perlustraffe:
1057 2189 1104 2268 ad
1129 2190 1212 2297 pri·

58 2328 173 2379 mum
192 2301 300 2408 quod
317 2301 469 2394 attinet,
486 2302 628 2380 scimus
648 2329 791 2411 papam
810 2302 851 2379 in
870 2299 1059 2379 donandis
1081 2302 1211 2407 regnis

55 2439 101 2491 ac
131 2412 359 2549 regionibus
382 2413 695 2497 liberaliffimum
721 2413 873 2521 semper
903 2408 1030 2505 fuifie,
1061 2412 1158 2491 illi
1147 2440 1209 2489 rn-

56 2520 161 2603 terea
179 2524 484 2604 diffimillimum
504 2525 614 2630 cujus
634 2525 825 2604 vicarium
845 2523 881 2602 se
897 2522 970 2602 effe
987 2522 1208 2632 profitetur,

56 2638 129 2765 qui
149 2664 198 2715 ne
218 2633 295 2716 hoc
314 2635 477 2744 quidem
497 2636 693 2716 tantulum
713 2636 783 2715 fibi
803 2635 954 2714 sumere
976 2636 1144 2729 volebat,
1166 2655 1210 2715 ut

58 2749 99 2827 in
116 2747 336 2829 dividendis
358 2747 646 2829 hereditatibus
665 2748 850 2828 constitui
863 2747 1084 2852 sejudicem
1099 2767 1211 2856 pate-

57 2878 181 2953 retur,
191 2861 340 2940 nedum
360 2878 404 2938 ut
424 2859 491 2939 suo
504 2859 663 2940 arbitrio
679 2861 868 2967 cuiquam
882 2860 1209 2967 donaret,quem-

57 2972 275 3054 admodum
300 2971 498 3077 Angliam,
524 2971 760 3065 Hiberniam,
786 2971 940 3077 aliaque
965 2996 1083 3077 regna
1108 2999 1209 3079 papa

56 3083 221 3193 largitus
241 3085 311 3165 est.
370 3080 525 3163 Verbm
546 3112 614 3164 nos
637 3082 917 3164 authoritatem
944 3084 982 3160 in
1012 3110 1059 3161 eo
1084 3083 1209 3162 istius-

57 3197 170 3275 modi
182 3197 332 3276 nullam
344 3194 604 3303 agnoscimus,
625 3224 751 3304 neque
767 3217 928 3303 gentem
945 3194 1067 3274 ullam
1087 3193 1208 3301 usque

57 3307 157 3386 adeo
180 3310 324 3388 mentis
346 3310 510 3415 inopem
534 3308 819 3399 existimamus,
847 3326 891 3384 ut
915 3307 955 3385 in
980 3336 1027 3386 eo
1055 3325 1208 3386 tantam

57 3415 337 3499 authoritatem
361 3418 477 3498 ineffe
497 3419 651 3513 credat;
683 3419 745 3498 vel
775 3418 941 3527 Hstani
961 3419 1098 3527 ipfiut
1121 3447 1207 3497 cre·

56 3531 166 3622 dant,
182 3549 249 3610 aut
264 3530 382 3611 effent
397 3530 591 3623 affensuri,
606 3531 634 3608 fi
652 3530 763 3610 abiis
785 3557 886 3639 papa
907 3548 1074 3625 tantum,
1095 3530 1208 3636 abJ'u·

55 3640 215 3722 dicaffet
232 3661 427 3750 quantum
451 3642 615 3750 largitus
639 3644 708 3721 est.
769 3644 891 3754 Qod
912 3641 939 3720 fi
961 3642 1069 3720 Galli
1090 3662 1207 3750 atque

56 3752 139 3846 alii,
158 3781 229 3861 qur
218 3751 529 3834 authoritatem
547 3754 761 3863 papalem
751 3781 790 3831 rn
811 3753 1074 3833 ecclefiasticis
1093 3753 1208 3834 rebus

57 3865 286 3973 agnoscunt,
307 3862 414 3944 hunc
443 3868 501 3945 H
488 3865 693 3975 spanorum
714 3864 876 3944 titulum
896 3893 968 3972 pro
989 3862 1115 3942 nihilo
1135 3863 1206 3942 ha·

57 3975 166 4069 bent,
183 4005 253 4057 nos
270 3996 314 4056 ut
334 3977 382 4056 de
402 4004 450 4056 eo
466 3976 578 4057 aliter
594 3977 802 4055 sentiamus
822 4002 899 4053 non
921 3974 976 4054 est
995 3978 1207 4082 expectan-

54 4085 169 4181 dum,
195 4089 372 4197 adeoque
397 4085 475 4168 hoc
505 4089 778 4195 relinquimus,
810 4085 989 4194 responso
1016 4087 1207 4195 ampliore

55 4197 210 4305 prorsus
230 4199 455 4307 indignum.

112 4310 189 4389 Sed
208 4336 336 4419 neque
353 4311 451 4390 alter
471 4310 608 4389 titulus
624 4308 781 4413 majoris
796 4307 852 4387 est
871 4308 1078 4415 ponderis;
1099 4308 1207 4416 quafi

54 4419 163 4516 verb,
197 4421 224 4501 fi
256 4422 423 4531 Hstani
452 4448 593 4528 paucas
632 4419 818 4528 quasdam
854 4421 1041 4500 Americae
1081 4439 1206 4529 partes
