2956 4980
163 251 244 352 428
464 224 757 324 Prolufiones
784 233 1020 326 Oratoriae.

163 407 371 485 suetiorem
385 399 683 510 Philosophiam
697 401 900 511 asperitate
916 404 1075 513 impexa
1089 402 1309 482 deformem

162 546 262 626 pene
284 516 466 609 reddidit,
487 533 526 594 et
545 515 668 593 veluti
694 515 820 595 malus
849 518 1000 623 genius,
1022 514 1198 595 humana
1218 543 1310 625 pec-

114 717 119 725 ,
164 648 247 708 tora
281 627 397 736 spinis
429 644 468 705 et
501 625 671 705 sentibus
701 626 897 735 implevit,
933 645 972 706 et
1006 648 1241 736 perpetuam
1273 628 1310 704 in

164 739 323 819 Scholas
351 738 484 819 intulit
512 735 756 830 discordiam,
778 767 864 847 quae
882 739 1045 845 quidem
1065 739 1217 819 foelices
1237 738 1312 817 dis-

132 950 136 959 ·
163 853 340 931 centium
367 848 587 959 progressus
611 850 759 928 mirum
779 851 820 929 in
841 850 1006 929 modum
1027 869 1223 930 remorata
1242 850 1310 929 est.

165 964 278 1074 Qid
309 963 445 1042 enirn?
481 959 585 1039 ultrb
619 958 797 1069 citrdque
831 981 1060 1069 argutantur
1090 961 1311 1071 versipelles

163 1072 497 1182 Philosophastri?
527 1069 593 1150 hie
621 1071 729 1150 suam
760 1074 933 1181 undique
962 1073 1194 1154 sententiam
1221 1101 1311 1181 gra-

162 1188 262 1266 viter
281 1184 425 1278 firmat,
447 1183 514 1262 ille
534 1202 669 1263 contra
696 1187 838 1291 magna
863 1185 968 1264 mole
989 1185 1223 1265 labefaCtare
1243 1185 1311 1263 ad·

162 1298 315 1390 nititur,
337 1316 376 1377 et
395 1295 501 1404 quod
529 1296 829 1403 inexpugnabili
855 1316 1087 1404 argumento
1107 1298 1310 1377 munitum

162 1408 374 1502 existimes,
396 1409 437 1486 id
457 1406 587 1485 statim
606 1406 839 1486 adversarius
866 1407 971 1488 haud
1000 1410 1128 1489 multo
1150 1410 1310 1515 negotio

157 1521 361 1600 amolitur.
419 1520 555 1598 Haeret
575 1518 722 1597 interea
742 1520 1105 1628 Ledtor,tanquam
1124 1523 1167 1601 in
1188 1520 1308 1613 bivio,

162 1631 243 1741 qub
263 1631 442 1723 divertat,
455 1629 536 1737 qub
552 1631 714 1708 inclinet
731 1657 886 1738 anceps,
902 1650 941 1711 et
961 1632 1129 1713 incertus
1145 1632 1309 1725 consilii,

161 1745 259 1823 dum
279 1762 337 1823 tot
358 1743 539 1849 utrinque
559 1739 770 1821 confertim
790 1742 991 1823 vibrantur
1009 1744 1099 1837 tela,
1120 1763 1166 1823 ut
1187 1743 1309 1852 ipsam

162 1856 293 1933 lucem
313 1855 488 1933 adimant
506 1852 696 1959 rebusque
724 1852 961 1962 profundam
988 1854 1152 1935 afferant
1171 1856 1311 1964 caligi-

163 1993 269 2058 nem,
292 1966 388 2043 adeo
408 1983 452 2042 ut
464 1965 549 2069 jam
570 1965 705 2043 lectori
726 1965 885 2045 tandem
900 1994 998 2075 opus
1015 1967 1073 2059 srt,
1091 1985 1136 2046 ut
1155 1967 1310 2047 diutur-

161 2104 232 2156 nos
248 2075 395 2155 Cereris
415 2076 589 2154 imitatus
610 2077 773 2169 labores,
794 2105 864 2185 per
879 2077 1102 2157 universum
1118 2096 1309 2158 terrarum

161 2188 299 2269 orbem
332 2187 491 2267 accensi
523 2185 606 2265 face
632 2207 777 2294 quaerat
802 2190 1021 2282 veritatem,
1049 2208 1089 2268 et
1116 2190 1308 2298 nusquam

162 2302 358 2381 inveniat:
391 2297 559 2407 eousque
574 2300 737 2378 demum
760 2300 912 2379 insaniae
932 2302 1105 2381 redactus
1125 2302 1195 2395 est,
1213 2321 1258 2382 ut
1273 2302 1307 2380 se

162 2413 299 2493 misere
332 2412 509 2491 caecutire
541 2430 668 2519 putet,
699 2411 767 2490 ubi
801 2410 902 2491 nihil
932 2412 1001 2506 est,
1026 2412 1134 2522 quod
1165 2413 1305 2493 videat.

161 2525 227 2604 Ad
254 2522 334 2602 haec
361 2551 438 2602 non
467 2541 635 2601 rarenter
664 2522 732 2602 usu
754 2527 874 2617 venit,
896 2544 954 2617 ut,
975 2526 1045 2631 qui
1065 2523 1209 2605 harum
1230 2525 1307 2605 dis-

160 2636 412 2744 putationum
432 2633 590 2740 fuligini
613 2634 798 2713 addicunt
818 2635 854 2714 se
873 2654 974 2716 totos
993 2656 1031 2715 et
1049 2637 1260 2731 devovent,
1281 2638 1307 2716 fi

161 2745 261 2826 forte
281 2745 387 2825 aliud
407 2745 560 2852 quidvis
589 2746 864 2852 aggrediantur
890 2745 911 2826 ὲ
940 2746 1014 2827 suis
1040 2748 1307 2829 deliramentis

161 2860 349 2951 alienum,
371 2859 470 2935 mire
493 2858 660 2966 prodant
684 2858 876 2937 inscitiam
906 2859 1028 2952 suam,
1049 2880 1089 2938 et
1108 2861 1306 2940 deridicu-

161 2970 241 3050 lam
273 2969 493 3048 infantiam.
555 2970 790 3062 Noviffime,
812 2970 986 3050 summus
1014 2969 1079 3050 hic
1106 2991 1188 3051 tam
1209 2972 1307 3052 serio

161 3101 306 3162 navatae
325 3110 450 3190 operae
470 3078 618 3160 fruetus
639 3082 725 3174 erit,
749 3100 792 3160 ut
819 3082 955 3162 stultus
981 3084 1119 3162 evadas
1146 3109 1306 3164 accura-

162 3196 251 3288 tior,
279 3213 318 3272 et
352 3221 547 3299 nugarum
578 3191 734 3286 artifex,
760 3214 881 3301 utque
912 3192 985 3272 tibi
1018 3195 1177 3274 accedat
1199 3197 1305 3304 quasi

160 3307 323 3414 peritior
341 3305 574 3411 ignorantia,
593 3333 663 3382 nec
684 3307 854 3398 mirum;
886 3306 1207 3414 quandoquidem
1226 3307 1306 3388 haec

160 3420 307 3509 omnia,
328 3415 376 3493 de
396 3415 538 3522 quibus
558 3416 654 3494 adeo
674 3414 853 3496 afflietim
880 3437 918 3496 et
944 3420 1059 3496 anxie
1085 3419 1306 3498 laboratum

160 3527 229 3618 est,
252 3530 291 3604 in
314 3545 447 3604 natura
469 3555 599 3605 rerum
622 3528 763 3606 nullibi
783 3528 966 3622 existunt,
988 3528 1051 3608 sed
1076 3531 1180 3632 leves
1200 3559 1305 3639 quae·

160 3639 252 3717 dam
277 3638 482 3742 imagines,
504 3657 542 3716 et
570 3638 801 3718 simulachra
829 3643 959 3718 tenuia
989 3641 1160 3720 turbidas
1189 3643 1304 3722 ober-

160 3768 245 3829 rant
272 3751 449 3842 mentes,
463 3769 502 3827 et
522 3750 693 3829 rectioris
715 3751 891 3859 sapientae
911 3781 1062 3831 vacuas.
1105 3753 1305 3835 Caeteritm

159 3863 206 3941 ad
241 3862 506 3968 integritatem
541 3863 641 3954 vitae,
676 3883 714 3942 et
749 3891 875 3942 mores
910 3864 1143 3944 excolendos
1179 3865 1304 3974 (quod

69 4066 71 4072 ,
159 3975 286 4055 multo
313 3975 535 4052 maximum
560 3975 631 4078 est)
657 4003 777 4082 quam
806 3976 970 4054 minime
999 3977 1220 4056 conducant
1247 3976 1304 4057 hae

159 4115 285 4194 nugae,
303 4086 451 4164 etiamfi
471 4112 546 4190 ego
568 4105 730 4179 taceam,
751 4086 903 4165 abunde
924 4087 1032 4168 vobis
1052 4088 1304 4197 perspicuum

157 4201 225 4280 est.
286 4199 417 4303 Atque
442 4196 505 4275 vel
536 4195 629 4275 hinc
660 4198 811 4305 liquido
842 4199 1034 4277 evincitur
1062 4202 1168 4307 quod
1201 4200 1303 4280 mihi

159 4312 353 4422 postremo
385 4309 595 4387 dicendum
628 4310 826 4417 proposui,
855 4309 1001 4388 scilicet
1033 4312 1300 4421 importunam

157 4424 256 4503 hanc
269 4419 493 4527 λογομαχίαν
507 4448 578 4498 nec
595 4421 633 4496 in
651 4422 855 4530 publicum
872 4423 1007 4501 cedere
1024 4426 1299 4520 commodum,
