2956 4980
157 254 240 332 244
383 216 545 311 Literae
572 211 765 311 Oliverii
790 219 1082 315 Protedoris.

163 552 364 632 Oliverius
381 554 580 632 Proteuor
596 553 704 660 Reip.
719 552 875 660 Angliae
888 552 1126 661 Illustrffmo
1142 551 1317 660 Principi

529 661 731 745 Tarentino
752 667 793 745 S.
816 666 868 745 P.
891 667 949 745 D.

167 838 457 1033 PErspestus
483 866 533 915 ex
556 839 679 917 literis
704 839 780 918 tuis
804 839 851 918 ad
878 866 942 918 me
967 839 1067 919 datis
1092 837 1303 946 Religionis

278 979 389 1029 amor
404 970 507 1043 tuus,
521 969 560 1027 et
575 952 616 1027 in
633 951 816 1055 Ecclcysas
835 951 1077 1057 Reformatas
1092 952 1215 1059 pietas
1230 951 1299 1028 exi·

167 1066 262 1154 mia,
284 1063 536 1170 studiumque
556 1062 760 1168 singulare,
782 1063 824 1141 in
847 1063 917 1142 ists
936 1063 1147 1171 praesertim
1166 1061 1299 1169 generis

40 1181 42 1185 ’
165 1174 369 1253 nobilitate
389 1202 433 1253 ac
454 1174 670 1282 splendore,
688 1202 812 1282 eoque
834 1175 902 1253 sub
924 1177 1066 1282 Regno
1085 1175 1128 1253 in
1148 1202 1226 1281 quo
1244 1174 1295 1251 de·

166 1285 387 1365 ficientibus
418 1285 465 1363 ab
499 1284 736 1365 Orthodoxa
768 1285 845 1364 fide
870 1304 929 1365 tot
956 1286 1044 1366 sunt
1069 1284 1293 1366 nobiliffimis

166 1398 384 1506 quibusque
406 1397 488 1506 spes
508 1397 645 1477 uberes
665 1398 882 1507 proposrtae,
905 1417 963 1478 tot
988 1397 1257 1478 firmioribus
1249 1423 1294 1477 ιι·

166 1510 376 1590 commoda
400 1510 610 1601 subeunda,
632 1537 848 1618 permagno
870 1537 935 1589 me
961 1508 1076 1618 plane
1099 1509 1243 1618 gaudio
1262 1530 1296 1584 ac

167 1625 367 1731 voluptate
388 1620 533 1700 affecit.
595 1621 685 1701 Nec
705 1623 834 1701 minus
833 1640 1012 1748 ‘gratum
1030 1642 1113 1701 erat
1133 1615 1294 1731 placuisse

168 1763 232 1813 me
247 1735 318 1812 tibi
333 1762 380 1812 eo
397 1734 479 1840 ipso
497 1733 718 1840 Religionis
734 1734 910 1827 nomine,
926 1761 1005 1840 quo
1023 1753 1065 1813 tu
1078 1733 1182 1813 mihi
1197 1732 1296 1812 dileo

168 1865 229 1924 tus
249 1864 366 1952 atque
386 1843 556 1924 charus
546 1846 743 1955 imprimis
758 1845 831 1926 esse
843 1845 975 1927 debes.
1027 1846 1166 1925 Deum
1184 1864 1299 1925 autem
1341 1844 1344 1849 ’

168 1956 337 2036 obtestor
352 1976 396 2035 ut
411 1985 533 2065 quam
552 1957 600 2036 de
621 1986 686 2037 me
706 1959 815 2066 spem
836 1957 1101 2038 Ecclefiarum
1114 1976 1155 2037 et
1173 1981 1302 2067 expec-

171 2071 359 2148 tationem
380 2069 454 2148 esse
474 2070 658 2163 ostendis,
680 2071 878 2180 poffim
843 2097 881 2149 er
904 2070 1115 2178 aliquando
1133 2069 1197 2148 vel
1216 2064 1305 2148 satis·

170 2180 361 2274 facere,s1
382 2209 480 2290 opus
501 2183 590 2276 erit,
611 2183 674 2261 vel
694 2182 957 2262 demonstrare
983 2180 1182 2275 omnibus,
1200 2177 1309 2289 quiuu

170 2295 330 2402 cupiam
348 2321 425 2373 non
446 2294 584 2373 deesse.
624 2295 799 2374 Nullum
814 2295 1000 2402 equidem
1020 2292 1196 2374 frustum
1213 2292 1313 2372 labo-

172 2435 262 2485 rum
276 2434 473 2500 meorum,
486 2406 644 2485 nullum
659 2403 775 2511 hujus
790 2434 912 2514 quam
925 2406 1112 2485 obtineo
1101 2433 1142 2485 ιιι
1160 2403 1316 2514 Repub.

172 2519 260 2597 meai
280 2519 357 2596 five
377 2518 579 2623 dignitatis
600 2518 675 2597 five
696 2519 884 2611 muneriS,
905 2546 977 2597 nec
996 2518 1234 2627 ampliorem
1254 2543 1321 2596 ex·

171 2629 399 2720 istimarem,
429 2656 501 2707 nec
518 2629 811 2733 jucundiorem,
831 2627 953 2736 quim
977 2649 1021 2710 ut
1045 2631 1210 2709 idoneus
1235 2629 1319 2721 fim,

170 2741 241 2848 qui
260 2739 440 2819 Ecclefiae
460 2739 700 2821 Reformatae
718 2742 781 2820 vel
806 2741 1104 2851 amplificationi
1124 2740 1187 2820 vel
1212 2741 1323 2820 inco-

171 2852 356 2944 lumitati,
373 2852 435 2930 vel
439 2854 570 2960 quod
584 2881 807 2933 maxrmum
818 2852 888 2947 est
904 2881 991 2962 pacr
980 2853 1227 2932 inserviam
1260 2853 1323 2930 Te

171 2963 264 3045 verb
285 2963 420 3044 hortor
443 2992 681 3073 magnopere
706 2985 750 3044 ut
783 2965 1016 3072 religionem
1043 2962 1326 3044 Orthodoxam

171 3105 248 3184 qua
269 3070 413 3185 pietate
433 3105 477 3155 ac
493 3074 649 3156 studio
635 3106 657 3156 a
672 3077 883 3182 majoribus
896 3095 1098 3184 acceptam
1111 3074 1324 3185 profiteris,

172 3189 311 3266 eadem
330 3190 453 3267 animi
443 3188 653 3268 firmitate
669 3207 785 3296 atque
801 3189 1015 3268 constantia
1026 3188 1074 3268 ad
1094 3207 1325 3268 extremum

173 3300 294 3406 usque
315 3301 493 3379 retineas.
554 3301 644 3380 Nec
670 3299 757 3379 sane
781 3301 997 3409 quicquam
1016 3300 1091 3378 erit
1111 3318 1148 3377 te
1169 3298 1326 3406 tuisque

174 3411 404 3490 Parentibus
430 3411 719 3518 religiofiffimis
736 3412 908 3519 dignius,
930 3439 1001 3491 nec
1025 3412 1133 3519 quod
1153 3438 1227 3519 pro
1250 3410 1328 3489 tuis

173 3522 214 3599 in
242 3550 307 3600 me
339 3523 503 3615 meritis,
533 3550 758 3630 quanquam
790 3525 856 3603 tua
888 3524 1002 3602 causa
1025 3523 1165 3659 cupio
1175 3521 1328 3616 omnia,

172 3653 307 3741 optare
329 3634 400 3712 tibi
422 3634 576 3725 melius,
598 3654 664 3712 aut
683 3635 900 3742 praeclarius
919 3662 1079 3742 queam,
1094 3661 1217 3742 quam
1233 3633 1261 3711 fi
1277 3631 1328 3712 fic

174 3761 211 3823 te
229 3774 337 3854 pares
349 3763 465 3852 atque
479 3745 667 3837 instituas,
684 3765 728 3824 ut
744 3745 938 3839 Ecclefiae,
953 3746 1160 3852 praesertim
1175 3746 1325 3854 patriae,

172 3883 341 3962 quarum
360 3859 401 3935 in
418 3856 621 3964 disciplina
639 3875 720 3936 tam
737 3855 845 3936 felici
858 3857 989 3937 indole
1006 3876 1167 3965 tamque
1183 3856 1328 3936 illustri

173 3967 262 4047 loco
283 3988 394 4048 natus
415 3998 468 4061 es,
490 3987 638 4076 quanto
658 3969 803 4047 caeteris
822 3969 1022 4076 praeluces,
1044 3987 1152 4048 tanto
1173 3967 1328 4047 firmius

174 4079 214 4267 ip
237 4099 276 4268 lte
302 4081 522 4189 praefidium
543 4079 617 4158 suis
639 4080 752 4158 rebus
772 4081 1030 4161 constitutum
1049 4079 1124 4159 esse
1144 4079 1326 4160 sentiant.

214 4219 234 4268 a
251 4219 286 4269 e.

258 4301 364 4380 Albes
384 4303 492 4380 Auses
511 4301 568 4381 die
587 4300 751 4408 Aprilis,
776 4303 823 4380 16
829 4327 850 4406 5
857 4329 894 4407 5.
