2956 4980
166 230 247 314 288
381 218 546 314 Literae
571 213 766 314 Oliverii
790 216 1081 313 Protectorin

165 392 332 472 totidem
348 390 503 471 Milreis
519 389 749 496 erfltanicis
766 389 1029 484 aestimamnt3
1055 387 1310 498 quemadmo-

165 505 263 585 dum
283 523 323 584 et
342 505 389 584 ad
408 531 476 583 nos
496 504 727 583 retulerunt.
788 502 911 612 Qod
930 503 1218 583 detrimentum
1236 520 1311 581 tam

164 642 282 725 grave
294 644 388 697 cum
402 609 713 724 supradictum‘l‘
707 612 1105 695 homamvehementer
1115 611 1310 706 afflixerit,

163 734 319 809 condius
333 728 382 809 ad
394 728 622 836 repetendas
637 754 687 806 ex
704 725 850 807 foedere
865 753 924 806 res
946 725 1041 820 suas,
1058 726 1310 835 Odrfflpponem

164 843 362 949 navigare,
387 840 503 950 petiit
523 838 751 948 suppliciter
770 866 792 916 a
811 839 938 932 nobis,
959 857 1003 918 ut
1021 838 1153 919 literas
1174 836 1312 918 nostrat

164 950 239 1032 hac
258 955 307 1033 de
326 980 368 1032 re
388 952 437 1031 ad
457 951 708 1058 Majestatem
727 949 893 1032 vestram
913 950 984 1030 fibi
1002 951 1213 1031 daremus:
1235 978 1312 1042 nos,

166 1066 317 1145 tametsi
338 1064 378 1142 in
395 1065 601 1142 communi
616 1061 728 1144 causa
746 1083 1026 1158 mercatorum,
1040 1060 1189 1170 quibus
1204 1056 1229 1141 *a
1247 1063 1313 1140 So-

164 1176 305 1256 cietate
325 1175 541 1281 Brcfilienst
556 1174 784 1268 debebatur,
809 1173 1005 1284 superiore
1033 1201 1137 1253 anno
1167 1173 1314 1283 scripfi·

166 1316 270 1382 mus,
296 1307 427 1368 tamen
455 1288 594 1367 necui
618 1286 791 1367 nostram
811 1314 932 1396 opem
954 1285 1127 1396 poscenti
1154 1285 1313 1366 defuiffe

164 1401 382 1494 videamur,
396 1398 647 1504 Majestatem
660 1397 827 1479 vestram
842 1427 914 1509 pro
928 1399 1103 1478 amicitia
1115 1425 1313 1506 rogamus,

166 1531 211 1593 ut
230 1511 345 1619 hujus
365 1513 602 1592 nominatim
630 1509 803 1590 hominis
827 1512 925 1590 ratio
948 1509 1162 1604 habeatur;
1194 1528 1315 1618 utque

166 1625 262 1706 velit
285 1624 470 1730 Majestas
493 1624 617 1704 vestra
640 1622 715 1702 suis
740 1624 925 1703 omnibus
949 1625 1002 1704 ita
1024 1623 1252 1732 praecipere,
1275 1641 1317 1700 ut

163 1764 213 1817 ne
233 1737 329 1845 quid
348 1735 497 1817 obstare
518 1735 632 1845 poffit
651 1762 731 1842 quo
751 1735 882 1815 minus
902 1735 934 1814 is
954 1737 994 1814 in
1014 1762 1060 1814 ea
1079 1734 1191 1829 urbe,
1207 1734 1315 1844 quod

165 1849 235 1928 fibi
261 1846 494 1927 dSocietate
515 1846 730 1952 Brastlierfi
749 1847 812 1926 vel
835 1847 992 1928 aliunde
1023 1846 1203 1940 debetur,
1239 1847 1317 1926 fine

162 1960 246 2040 ullo
265 1960 554 2068 impedimento
573 1960 746 2066 exigere,
767 1978 808 2039 et
827 1960 904 2038 fine
927 1960 1039 2039 mori
1061 1959 1177 2067 poffit
1199 1987 1317 2039 recu-

164 2099 313 2180 perare.
373 2073 483 2151 Deus
504 2070 753 2175 Majestatem
777 2071 944 2151 vestram
971 2092 1160 2180 perpetua
1186 2070 1318 2151 felici·

164 2201 243 2262 tate
282 2202 454 2290 augeat3
498 2183 748 2291 nostramque
787 2184 1005 2264 amicitiam
1048 2181 1151 2263 faxit
1192 2180 1318 2292 quim

161 2296 402 2376 diuturnam.

247 2411 311 2487 Ex
331 2406 485 2488 Palatio
503 2404 618 2514 nostro
640 2407 955 2520 Westmonasterii.

360 2521 438 2601 Die
461 2518 589 2598 ouob.
611 2522 692 2600 An.
720 2523 767 2600 16
774 2524 839 2627 56.

500 2631 717 2736 Majestatis
736 2634 881 2713 Vestrae
900 2633 1202 2713 Studiofiffimus

755 2745 947 2826 Oliverius

624 2856 827 2939 Proteoor
847 2858 1022 2967 Reipub.
1045 2859 1214 2967 Angliae,
1237 2861 1317 2939 &c

63 3154 65 3163 ·
163 3124 362 3204 Oliverius
375 3125 543 3205 Proteo.
553 3125 888 3235 ReipubAngliae,
902 3145 972 3207 etc.
986 3127 1136 3237 illustri
1143 3147 1180 3208 et
1193 3131 1319 3237 Mag-

255 3236 360 3344 nfico
375 3235 557 3316 Civitatis
571 3237 866 3345 Hamburgerfis
878 3239 1044 3322 Senatui.
1105 3242 1217 3321 S.D.

158 3399 418 3510 Ampliffimi,
434 3399 637 3507 magnifici
657 3419 696 3481 et
715 3401 940 3509 spediabiles
955 3401 1058 3496 Viri,

411 3512 549 3591 Amici
569 3509 805 3606 chariffimi3
1021 3583 1024 3588 .

161 3633 417 3824 GRavem
438 3634 662 3714 detulerunt
677 3637 725 3716 ad
745 3664 815 3716 nos
833 3637 1123 3743 querimoniam
1139 3637 1314 3745 Jacobus

290 3765 330 3825 et
351 3747 548 3827 Patricius
567 3750 677 3856 Hays
696 3750 800 3828 cives
817 3746 930 3853 hujus
951 3749 1059 3858 Reip.
1081 3748 1134 3842 se,
1155 3749 1214 3829 sui
1230 3748 1313 3828 fra-

158 3859 225 3937 tris
239 3857 466 3956 Alexandri,
479 3860 549 3966 qui
565 3859 766 3940 intestatus
778 3860 885 3940 diem
898 3859 1012 3954 obiit,
1027 3858 1196 3942 haeredes
1210 3863 1314 3970 legi-

158 3970 248 4049 timi
273 3998 367 4050 cum
389 3972 475 4064 sint,
499 3989 615 4079 atque
640 3974 692 4051 ita
715 3973 831 4080 ipsius
856 3973 985 4052 Curiae
1004 3972 1134 4053 vestrae
1155 3974 1312 4056 senten-

157 4082 211 4161 tit
243 4099 331 4160 ante
363 4110 483 4163 annos
513 4084 724 4163 duodecim
754 4081 970 4165 secundum
996 4084 1032 4164 se
1065 4085 1142 4166 lata
1173 4106 1311 4166 contra

155 4192 283 4274 fratris
303 4193 464 4275 viduam
479 4196 721 4304 pronuntiati
738 4192 910 4291 fuiffent,
930 4196 1109 4306 bonaque
1129 4197 1310 4279 defuncti

155 4305 283 4386 fratris
302 4334 397 4386 cum
417 4306 607 4388 fructibus
627 4309 792 4416 excepta
813 4305 940 4388 solum
959 4309 1084 4390 viduae
1107 4311 1215 4406 dote,
1239 4311 1310 4390 ad-

145 4420 322 4526 judicata
343 4419 413 4500 fibi
432 4447 483 4499 ex
503 4448 550 4498 eo
563 4420 718 4525 judicio
738 4419 872 4518 effent,
894 4448 972 4501 non
992 4420 1158 4533 potuiffe
1177 4442 1311 4504 tamen
