1008 1431
221 155 247 175 80
425 150 488 173 Artis
501 150 594 182 Logicae
693 149 745 174 Lib.
757 160 771 173 ι.

330 234 392 254 CAP.
407 234 474 254 XXV.
505 234 537 254 De
547 233 690 261 Dg'stributione.

251 286 265 291 ··
271 287 288 292 ¹·
307 292 312 295 »
326 278 419 305 Eliquam
428 278 455 297 est
462 285 487 298 ex
496 278 543 298 ortis
551 278 629 298 aliunde
637 279 758 305 argumentis
765 286 788 299 ar-

228 294 246 328 ss
254 286 316 329 ῶγῖ
339 311 458 334 gumentum
467 306 609 326 distributionis
618 311 638 326 et
648 306 772 327 definitionis,

228 324 247 369 ᾖ
259 325 316 370 λγςζζῖ
368 335 392 354 In
407 342 443 362 qua
461 339 541 362 utraque
557 334 630 362 fffflio
647 335 790 362 reciprocationis

228 355 317 378 ‹ki-Q&
339 363 370 390 ss,
383 362 422 382 illic
430 362 516 389 partium
525 363 602 392 omrp'um
613 370 655 383 cum
666 368 712 387 toto,
725 364 756 384 hic
766 363 792 383 de-

211 390 305 418 finitionis
315 398 356 411 cum
365 390 443 418 “finit‘’-

247 419 386 447 Reciprocatio
392 424 459 439 autem
467 418 505 439 hoc
513 419 557 439 loco
567 419 595 439 est
603 426 642 446 qua
649 419 728 446 prorsus
736 419 793 443 idem,

217 446 334 474 eademque,
341 452 363 467 ut
370 447 396 467 ita
404 447 469 467 dicam
477 447 556 467 essentia
564 447 656 474 utrinque
665 447 793 474 fignificatur:

218 482 264 495 narn
274 480 338 503 partes
348 482 416 495 omnes
424 475 481 495 firnul
490 475 577 503 sumprae,
586 476 599 495 i.
606 482 624 495 e.
633 475 669 495 rite
677 476 794 503 compositae¹

218 503 271 523 idem
281 503 325 523 sunt
334 503 388 531 quod
398 508 471 526 totum,
484 508 504 523 et
516 503 605 524 definitio
617 503 670 523 idem
682 504 737 531 quod
748 504 796 524 defi-

218 532 291 555 nitum;
302 532 356 558 quod
363 531 386 551 de
393 531 448 551 nullo
456 536 548 558 praeterea
554 538 625 558 genere
632 537 796 559 argumentorum

217 559 257 579 dici
267 559 337 587 potest.
368 559 427 579 Unde
438 559 522 579 nascitur
531 559 572 580 haec
582 560 649 586 regula
659 560 740 587 utrique
750 559 797 581 huic

217 592 335 614 argumento
349 587 469 610 communis,
482 592 505 607 ut
515 588 535 607 in
545 587 681 608 distributione
690 595 713 608 nc
725 588 797 608 defini-

218 615 270 635 tione
280 615 348 643 nequid
354 615 404 642 dqffl,
415 615 482 643 nequid
489 615 591 636 redundet:
607 623 652 635 nam
663 616 698 636 ubi
708 617 797 644 recipro-

217 644 276 667 catio,
283 644 310 664 ibi
321 651 401 671 quoque
411 643 509 670 aequalitas
519 644 631 671 requiritur.
657 644 713 664 Hinc
720 645 798 665 eximia

216 671 250 691 illa
259 672 401 692 distributionis
411 676 431 691 et
441 671 561 692 definitionis
570 672 612 692 laus
622 671 721 696 effloruit;
735 680 762 692 ex
772 673 797 693 iis

217 707 288 727 nempe
295 701 367 720 artium
374 700 504 720 institutiones
512 700 599 720 maxima
606 707 632 720 ex
638 705 692 727 parte
700 701 796 722 constare.

217 727 272 748 Ciu-n
282 735 302 748 n.
313 728 379 748 omnia
389 728 461 748 artium
472 733 567 755 praecepta
576 728 663 748 constare
673 728 760 749 debant
769 737 796 750 ex

216 756 337 783 argumentis
349 756 460 783 reciprocis,
474 756 602 784 reciprocatio
616 761 684 776 autem
699 757 797 784 nusquam

216 784 263 804 alibi
274 784 381 812 reperiatur
389 784 424 804 nisi
432 784 482 804 inter
490 784 575 804 formam
584 784 636 811 (quae
645 784 685 812 ipsa
693 785 714 804 in
723 785 797 805 defini-

217 812 303 832 tionibus
312 811 454 839 comprehendi
465 812 521 839 solet)
531 817 551 832 et
561 812 677 836 formatum,
687 813 740 833 inter
750 813 797 833 sub-

213 840 289 867 jestum
299 845 319 860 et
329 841 433 868 proprium
443 840 569 867 adjunCtum3
584 840 631 860 hinc
644 840 719 861 fastum
733 841 763 861 est
774 846 797 862 ut

215 873 311 896 praecepta
321 869 388 889 omnia
395 868 425 888 vel
434 868 557 888 definitiones
566 869 601 888 {int
609 868 640 888 vel
648 868 797 890 distributiones

216 896 247 916 vel
253 897 324 923 regulae
329 897 418 923 quaedam
426 897 464 916 five
470 896 594 920 consectaria,
600 904 643 924 quae
649 897 797 925 proprietatum

216 925 353 952 explicationis
363 924 462 944 dicuntur.

245 952 358 979 Dssributio
367 952 398 979 est,
408 960 449 973 cum
458 957 517 973 totum
525 953 543 972 in
550 957 617 980 partes
625 953 752 980 distribuitur.

245 980 310 1001 Totum
320 981 351 1008 ςβ,
361 980 410 1008 quod
417 981 495 1001 continet
503 985 576 1008 partes.

244 1010 297 1029 Pars
304 1009 335 1037 est,
345 1016 388 1037 quae
397 1009 503 1029 continetur
512 1008 525 1029 ἃ
534 1013 578 1029 toto.

243 1038 319 1057 Totum
335 1037 410 1064 Logice
424 1042 444 1057 et
461 1038 578 1064 generaliter
597 1037 677 1061 dicitur,
696 1038 795 1066 quicquid

215 1072 334 1092 quocunque
342 1065 403 1085 modo
410 1065 532 1085 distribuitur
539 1071 558 1085 et
564 1070 628 1093 partes
634 1066 731 1087 continet:
741 1074 795 1095 pars,

215 1100 258 1120 quae
267 1100 386 1121 quocunque
397 1093 457 1113 modo
466 1094 578 1113 continetur
587 1093 598 1113 ὲ
609 1098 657 1114 toto.

243 1122 308 1148 Atque
314 1126 336 1141 ut
342 1121 431 1149 dssinc'lr'o
436 1121 493 1141 totius
501 1122 519 1141 in
522 1126 596 1149 partes,
603 1121 752 1149 distributia5fic
757 1123 796 1143 co!-

214 1149 266 1169 leb'h'o
272 1149 358 1177 partium
367 1149 394 1170 ad
400 1149 541 1177 constituendum
551 1154 617 1173 totum,
625 1150 705 1170 indublio
714 1150 794 1171 dicitur.

243 1178 298 1198 Inter
310 1177 361 1197 hanc
372 1183 439 1198 autem
451 1177 586 1198 inductionem
600 1183 620 1198 et
633 1178 793 1199 distributionem

214 1206 292 1226 nullum
307 1206 360 1226 aiiud
372 1206 475 1226 discrimen
491 1205 526 1229 est,
542 1206 576 1226 nifi
592 1206 645 1233 quod
658 1206 770 1227 distributio
782 1206 793 1227 ὲ

214 1239 256 1254 toto
266 1234 289 1254 ad
300 1239 371 1261 partes,
378 1233 418 1254 haec
429 1233 474 1254 verb
485 1233 495 1253 ἐι
505 1234 592 1261 partibus
601 1234 625 1254 ad
636 1239 700 1255 totum
710 1241 792 1263 progre-
