2956 4980
269 187 345 296 398
579 168 793 304 Epistolae
821 167 1100 266 Familiares.

266 374 410 455 magna
434 346 618 454 exempla
642 373 721 424 non
741 373 791 423 ex
811 346 851 423 vi
870 362 910 423 et
928 342 1082 436 robore,
1107 342 1173 422 sed
1199 369 1251 421 ex
1271 340 1417 447 justitia

264 480 304 539 et
323 458 581 568 temperantia
600 455 648 537 ab
669 459 828 536 ineunte
848 474 957 536 aetate
977 455 1192 563 ponderare
1209 455 1298 560 jam
1318 453 1417 533 disce

264 591 381 679 atque
401 570 645 678 cognoscere,
659 569 758 649 Vale
772 600 782 663 ;
804 560 975 676 niedque
990 564 1052 646 fac
1064 569 1242 660 nomine,
1257 565 1417 647 salutem

267 684 524 763 Ornatiffimo
544 682 643 759 Viro
664 681 829 761 Henrico
852 677 1087 786 Oldenburgo
1104 699 1173 759 tuo
1191 676 1417 758 Contuber-

264 797 343 874 nali
360 796 575 903 plurimam
590 793 708 872 dicas.

352 906 498 1014 Waestm.
521 908 629 1014 Sept.
651 907 717 983 2'1.
745 905 863 1011 1656.

327 1324 394 1377 20.
429 1298 661 1404 Ornatifflmo
680 1297 915 1404 Adolescenti
931 1300 1048 1377 Petro
1067 1292 1355 1375 Heimbachio.

352 1459 526 1540 Romiffa
558 1480 639 1553 tua,
671 1462 729 1541 mi
757 1459 989 1552 Heimbachi,
1021 1453 1236 1565 caeterdque
1266 1459 1414 1552 omnia,

377 1599 462 1679 quae
483 1594 549 1652 tua
564 1573 685 1653 virtus
705 1601 782 1681 prae
801 1572 838 1650 se
858 1570 949 1665 sert,
965 1570 1164 1649 cumulate
1184 1569 1413 1676 implevisti,

262 1701 521 1791 praeterquam
541 1682 775 1763 defiderium
790 1711 926 1762 meum
942 1682 1089 1762 reditus
1101 1682 1161 1760 tui
1175 1707 1300 1788 quem
1316 1682 1415 1761 intra

261 1794 360 1873 duos
380 1794 429 1872 ad
444 1795 643 1874 summum
658 1796 809 1876 menses
824 1793 909 1874 sore
927 1793 1172 1903 pollicebaris
1187 1824 1197 1884 ;
1220 1821 1329 1873 nunc
1346 1793 1414 1872 nili

263 1931 328 1982 me
349 1908 537 2015 temporis
558 1908 657 1985 ratio
674 1909 731 1986 tui
747 1907 938 2015 cupidum
958 1903 1074 1998 fallit,
1091 1905 1296 1985 trimestris
1317 1933 1414 2013 pene

262 2015 365 2095 abes.
411 2018 777 2125 DeAtlante,quod
794 2018 914 2098 abste
932 2019 1130 2127 petebam,
1144 2017 1300 2096 abunde
1317 2045 1413 2125 prae-

261 2126 413 2222 stitisti;
436 2156 513 2207 non
535 2147 578 2207 ut
597 2129 699 2208 mihi
715 2157 975 2238 comparares,
992 2129 1056 2208 sed
1073 2130 1353 2209 tantummodo
1371 2147 1415 2208 ut

261 2240 436 2347 pretium
456 2240 569 2319 Libri
595 2242 810 2322 minimum
838 2243 1063 2349 indagares:
1103 2260 1266 2320 centum
1286 2260 1328 2321 et
1348 2243 1415 2321 tri-

260 2352 369 2458 ginta
382 2353 554 2432 Florenos
567 2354 751 2461 postulari
770 2354 925 2448 scribis3
944 2370 1121 2432 montem
1137 2354 1252 2431 illum
1272 2355 1414 2462 opinor

261 2464 542 2555 Mauritanum,
569 2492 646 2544 non
673 2467 841 2546 Librum
861 2466 1072 2558 Atlantem,
1100 2464 1197 2544 dicis
1224 2483 1306 2544 tam
1336 2467 1412 2545 im·

260 2575 368 2652 mani
387 2577 514 2681 pretio
534 2578 811 2657 coemendum.
872 2579 930 2656 Ea
947 2577 1186 2656 nuncetiam
1201 2577 1412 2685 Typogra-

260 2684 431 2792 phorum
452 2688 493 2764 in
513 2688 750 2768 excudendis
768 2688 897 2768 Libris
917 2689 1090 2768 luxuries
1110 2689 1179 2780 est,
1199 2708 1243 2767 ut
1259 2689 1411 2769 Biblio-

261 2795 382 2876 thecae
397 2825 475 2877 non
489 2799 619 2879 minus
635 2828 756 2907 quam
769 2801 884 2879 Villae
900 2799 1122 2908 sumptuosa
1138 2800 1313 2907 supellex
1327 2801 1412 2906 jam

261 2907 361 2988 fasta
390 2910 580 2990 videatur.
640 2911 751 2990 Mihi
781 2931 886 2991 certe
916 2941 1008 2990 cum
1035 2913 1146 3019 piuae
1165 2912 1332 2991 Tabulae
1360 2913 1411 2992 ob

260 3023 477 3101 caecitatem
507 3022 589 3101 usui
620 3022 694 3101 esse
723 3026 791 3102 vix
821 3023 977 3133 poffint,
1009 3023 1106 3102 dum
1135 3022 1274 3103 orbem
1304 3042 1412 3103 terrae

260 3132 400 3212 frustra
419 3136 528 3214 caecis
555 3134 678 3213 oculis
705 3136 909 3243 perlustro,
938 3135 1075 3241 quanti
1099 3135 1215 3213 illum
1239 3135 1411 3215 Librum

258 3245 450 3338 emissem,
466 3274 602 3326 vereor
620 3274 668 3324 ne
689 3249 785 3327 tanti
804 3248 936 3327 videar
956 3247 1091 3352 lugere
1111 3247 1241 3355 potius
1261 3247 1411 3352 orbita-

259 3375 340 3435 tem
362 3385 507 3436 meam.
568 3359 634 3436 Tu
656 3357 756 3438 hanc
777 3360 931 3467 insuper
950 3359 1153 3465 impendas
1173 3357 1276 3437 mihi
1293 3387 1411 3467 oper-

257 3494 337 3558 am,
359 3494 470 3573 rogo,
493 3487 536 3546 ut
556 3495 650 3547 cum
671 3471 840 3551 reversus
860 3471 950 3562 eris,
967 3471 1177 3549 certiorem
1197 3498 1262 3548 me
1282 3469 1411 3552 facere

257 3605 391 3686 queas,
425 3598 523 3683 quot
555 3579 628 3658 sint
659 3581 801 3687 integri
830 3582 957 3690 operis
989 3582 1094 3661 illius
1124 3582 1342 3677 volumina,
1372 3604 1411 3665 et

257 3690 424 3769 duarum
432 3688 679 3783 Editionum,
693 3693 893 3772 Blavianae
904 3693 1085 3772 videlicet
1100 3713 1138 3771 et
1150 3694 1410 3801 Jansemunae,

258 3821 344 3882 utra
362 3802 408 3881 fit
426 3803 575 3882 audior
594 3822 634 3882 et
652 3807 890 3884 accuratior:
923 3805 964 3883 id
983 3806 1089 3913 quod
1109 3833 1159 3883 ex
1180 3804 1302 3913 teipso
1320 3807 1407 3912 jam

259 3915 368 3993 brevi
388 3915 560 3994 redituro
581 3917 852 4024 potiusquam
872 3945 921 3996 ex
942 3917 1070 3996 alteris
1091 3918 1247 4009 Literis,
1274 3944 1410 3999 coram

259 4027 486 4106 auditurum
507 4055 572 4106 me
592 4027 664 4107 else
681 4028 802 4136 spero.
864 4029 1029 4108 Interim
1046 4029 1145 4123 vale,
1164 4048 1281 4137 teque
1297 4031 1411 4110 nobis

259 4139 557 4247 quamprimum
579 4140 709 4219 redde.

346 4249 490 4357 Wcstm.
509 4251 712 4330 Novemb.
736 4250 775 4345 8,
800 4254 916 4359 1656.
