2956 4980
288 233 451 329 Literae
476 230 670 329 Oliverii
698 231 988 329 Protectoris.
1139 273 1161 326 2
1167 274 1189 355 5
1196 272 1217 353 5
1273 353 1276 356 ⁴

61 404 200 484 mania
219 424 371 515 patrare
399 405 541 485 scelera
568 405 657 485 sunt
679 405 772 484 aufi.
834 408 988 486 Interea
1012 432 1107 485 cum
1127 408 1223 485 Ma-

57 516 176 621 jestas
223 516 360 596 Vestra
402 517 552 597 factum
592 515 669 596 hoc
718 515 1100 612 inhumaniffimum,
1141 547 1223 627 quo

40 734 45 739 ἱ
64 629 238 735 dignum
257 628 313 708 est
332 630 439 723 odio,
453 629 614 709 aversari
632 628 668 707 se
686 631 860 723 testetur,
875 659 954 709 non
969 630 1107 710 dubito
1123 633 1221 739 quin

67 739 221 821 miseris
241 742 319 821 iliis
339 763 456 847 atque
482 740 702 821 aerumnofis
724 745 773 820 ad
794 769 861 820 vos
888 741 1222 849 confugientibus,

63 852 334 932 tutiffimum
323 881 364 932 tn
379 855 522 960 Regno
543 852 609 931 suo
630 873 835 961 receptum
856 874 973 961 atque
990 853 1221 982 perfugium

65 962 113 1043 fit
132 965 366 1073 praebitura3
396 993 468 1044 nec
488 965 746 1044 Subditorum
769 964 928 1045 suorum
948 967 1149 1073 cuiquam,
1177 985 1222 1046 ut

63 1094 204 1155 contra
223 1104 290 1157 eos
302 1079 412 1158 Duci
421 1078 665 1183 Allobrogum
685 1077 834 1156 auxilio
854 1078 963 1172 adfit,
980 1078 1220 1186 permiffura.

63 1188 311 1268 Extremum
330 1189 429 1269 illud
448 1189 517 1282 est,
538 1208 583 1268 ut
602 1187 853 1294 Majestatem
869 1191 1064 1283 Vestram,
1085 1191 1222 1297 quanti

64 1300 174 1407 apud
197 1328 263 1379 me
288 1300 353 1380 sua
377 1301 551 1380 amicitia
575 1301 634 1394 fit,
659 1302 870 1380 certiorem
895 1299 1063 1382 faciam:
1097 1302 1221 1407 Cujus

64 1412 124 1490 rei
139 1438 272 1518 neque
288 1411 460 1492 fructum
474 1413 556 1492 ullo
574 1432 751 1521 tempore
768 1411 997 1492 defuturum
1012 1412 1218 1494 confirmo.

152 1522 262 1603 Alba*
281 1525 404 1604 Aulci.
431 1524 540 1633 Julii
558 1549 624 1629 29.
652 1525 727 1631 165
733 1549 771 1631 5.

351 1636 568 1743 Majestatis
588 1637 733 1715 Vestrae
753 1634 1052 1716 Studiofiffimus
1192 1673 1194 1676 ·

469 1748 660 1828 Olt'verim
680 1749 790 1827 Prot.
812 1750 932 1857 Reip.
954 1748 1123 1857 Angliae,
1143 1764 1219 1826 etc.

190 2036 469 2144 Eminentfflmo
485 2037 644 2120 Domino
665 2036 866 2116 Cardinali
886 2038 1111 2117 Mazarino.

155 2203 473 2282 Eminentiffime
487 2205 663 2282 Domine
681 2201 915 2294 Cardinalis,

166 2315 262 2393 UM
288 2314 462 2394 nobilem
489 2313 594 2393 hunc
614 2317 744 2393 virum
767 2342 861 2393 cum
885 2313 1020 2407 literis,
1052 2340 1221 2420 quarum

193 2427 397 2534 exemplar
416 2425 482 2506 hic
502 2427 694 2506 inclusum
716 2425 785 2519 est,
815 2426 862 2504 ad
883 2427 1040 2531 Regem
1065 2427 1221 2505 mittere

69 2537 328 2618 necessarium
350 2538 575 2632 statuiffem,
602 2557 689 2617 tum
708 2538 760 2631 ei,
784 2556 829 2616 ut
849 2538 1119 2616 Eminentiam
1139 2536 1222 2616 ves·

70 2665 175 2728 tram
195 2678 286 2729 meo
307 2651 467 2730 nomine
488 2649 683 2742 salutaret,
709 2649 823 2728 fimul
843 2649 884 2726 in
905 2650 1098 2730 mandatis
1116 2651 1222 2743 dedi,

70 2760 273 2869 certasque
306 2789 364 2841 res
398 2761 602 2841 vobiscum
634 2762 979 2841 communicandas
1018 2760 1099 2866 ejus
1132 2762 1225 2841 fidei

67 2874 275 2952 commisi:
299 2873 458 2984 Qibus
471 2875 510 2953 in
525 2874 916 2953 rebusEminentiam
931 2898 1026 2978 rogo
1040 2874 1221 2966 vestram,

68 2986 130 3063 uti
145 2983 342 3065 summam
357 2987 394 3064 ei
410 2985 530 3065 fidem
546 2984 688 3064 habere
706 2985 815 3078 velit,
831 3002 967 3093 utpote
983 2985 1024 3062 in
1039 3012 1120 3092 quo
1133 2987 1222 3093 Ego

69 3094 270 3176 summam
291 3095 478 3177 fiduciam
495 3096 747 3205 reposuerim.

126 3206 237 3288 Alba
254 3209 378 3288 Aule.
402 3208 512 3317 Julii
529 3234 593 3315 29.
621 3209 669 3288 16
675 3235 696 3314 ς
703 3233 740 3315 5.

469 3322 705 3400 Eminentiae
725 3319 856 3398 vestrae
877 3319 1164 3399 studiofiflimus

697 3431 888 3511 Oliverius

570 3543 772 3623 Protector
793 3541 1037 3653 Reipublicae
1055 3541 1222 3649 Angliae.

72 3870 278 3951 Oliverius
293 3874 492 3951 Proterror
511 3868 619 3977 Reip.
634 3868 790 3974 Angliae
812 3865 1031 3970 Serenifflmo
1052 3867 1230 3976 Principi

129 3982 167 4172 f
168 3982 343 4063 rederico
370 3983 447 4063 ΙΙΙ.
475 3982 633 4075 Daniae,
659 3980 890 4086 Norwegiae,
915 3996 986 4058 etc
1012 3981 1122 4085 Regi,
1155 3982 1225 4060 Sa-

147 4114 287 4297 uiitilm
307 4218 436 4297 severo
467 4243 606 4324 nuper,
637 4233 677 4294 et
706 4212 933 4292 inclementi
964 4214 1092 4291 edicio
1113 4212 1224 4291 Allo-

202 4327 355 4436 brogum
370 4330 467 4408 Dux
484 4326 691 4407 Immanuel
706 4325 790 4404 suos
808 4326 885 4434 ipse
907 4325 1091 4403 Subditos
1110 4322 1222 4429 Alpi

68 4467 207 4519 narum
221 4440 385 4521 Vallium
398 4439 585 4531 incolas,
575 4439 756 4517 mnoxios
773 4437 953 4515 homines
968 4455 1007 4514 et
1025 4432 1226 4538 religionis
