2956 4980
272 254 351 335 320
492 216 654 309 Literae
680 208 873 308 Oliverii
899 209 1190 306 Protedtoris.

266 388 353 481 bus,
369 416 508 468 verum
526 390 647 469 etiam
666 387 898 467 eorumdem
912 384 1036 464 furori
1050 381 1225 464 hostium
1240 384 1417 493 proximi

266 501 368 593 estis,
386 501 596 610 prospicite
613 528 683 609 per
698 501 834 577 Deum
847 495 1114 576 immortalem
1126 495 1246 605 idque
1263 496 1416 575 mature

268 614 364 719 quid
379 613 594 692 vestrarum
614 638 718 690 nunc
739 610 911 718 partium
929 610 997 700 srt;
1025 608 1121 715 quid
1142 608 1298 701 auxilii,
1317 609 1415 716 quid

265 724 428 831 praefidii
442 725 579 804 vicinis
592 752 636 803 ac
647 722 830 802 fratribus
845 721 993 826 alioqui
1009 747 1103 798 mox
1113 720 1299 829 perituris
1314 718 1416 798 ferre

265 836 412 943 poffitis
431 864 476 913 ac
495 836 680 927 debeatis,
696 833 944 941 prudentiam
959 830 1126 909 vestram
1146 859 1190 910 ac
1211 832 1416 940 pietatem,

265 945 539 1026 fortitudinem
563 948 682 1026 etiam
703 945 869 1023 vestram
890 942 1093 1021 consulite.
1154 942 1280 1023 Causa
1310 941 1415 1022 certi:

266 1057 403 1137 eadem
420 1057 475 1135 est
492 1059 666 1164 Religio,
684 1084 755 1134 cur
771 1055 894 1134 iidem
913 1053 1040 1133 hostes
1059 1080 1127 1133 vos
1146 1082 1308 1163 quoque
1324 1083 1416 1162 per-

265 1168 367 1248 ditos
381 1168 517 1262 velint,
534 1171 660 1249 immo
679 1196 749 1247 cur
768 1167 909 1245 eodem
928 1184 1121 1274 tempore,
1138 1167 1280 1247 eodem
1299 1165 1416 1275 supe-

266 1280 367 1358 riore
397 1308 513 1373 anno,
535 1278 813 1360 soederatorum
832 1277 1048 1357 vestrorum
1078 1278 1259 1357 intestino
1280 1279 1414 1357 Marte

266 1392 437 1501 perditos
463 1393 672 1471 voluerint.
732 1388 869 1468 Vestra
899 1390 1090 1468 duntaxat
1117 1390 1158 1468 in
1183 1416 1304 1469 manu
1329 1388 1416 1498 post

266 1531 385 1612 opem
401 1504 576 1583 divinam
590 1505 744 1584 videtur
762 1501 851 1593 effe,
865 1528 912 1578 ne
929 1502 1097 1608 purioris
1109 1501 1188 1609 ipsa
1204 1501 1318 1609 stirps
1331 1503 1415 1580 Re·

267 1615 424 1722 ligionis
444 1616 692 1695 vetustissima
713 1615 754 1692 in
780 1612 857 1692 illis
881 1612 1096 1721 priscorum
1121 1612 1301 1692 fidelium
1322 1612 1415 1692 reli-

266 1728 370 1832 quiis
385 1727 638 1806 excindatur:
669 1752 839 1837 quorum
854 1722 1017 1803 salutem
1034 1725 1075 1802 in
1090 1744 1317 1805 extremum
1329 1723 1415 1829 jam

266 1837 473 1917 discrimen
490 1838 739 1918 adductamsr
758 1836 972 1944 negligitis,
987 1836 1116 1915 videte
1134 1864 1184 1916 ne
1198 1835 1414 1944 vosmetip-

268 1946 326 2027 sos
350 1948 469 2056 paulo
493 1949 580 2057 post
602 1951 792 2056 proximae
818 1947 921 2026 vices
949 1966 1127 2054 urgeant.
1186 1948 1287 2026 Haec
1316 1948 1415 2027 dum

266 2057 433 2138 fraterne
450 2086 493 2137 ac
511 2059 631 2139 libere
645 2057 863 2151 hortamur,
881 2059 951 2167 ipfi
972 2060 1119 2139 interea
1138 2086 1216 2138 non
1236 2058 1415 2167 langues-

264 2170 416 2249 cimus:
437 2172 544 2279 quod
560 2170 685 2250 solum
705 2170 815 2249 nobis
837 2171 1159 2251 concediturtam
1171 2170 1414 2279 longinquis,

265 2279 431 2361 eumad
458 2283 741 2392 procurandam
767 2283 1075 2390 periclitantium
1099 2282 1414 2363 incolumitatem

265 2391 352 2473 tlrm
387 2395 436 2474 ad
474 2395 747 2474 sublevandam
787 2395 991 2500 egentium
1025 2395 1216 2502 inopiam,
1250 2421 1415 2473 omnem

263 2533 423 2613 operam
440 2507 608 2584 nostram
622 2526 661 2585 et
676 2505 915 2585 contulimus
928 2524 968 2585 et
982 2504 1244 2585 conferemus.
1301 2507 1415 2585 Deus

264 2619 331 2694 det
342 2617 512 2722 utrisque
527 2618 638 2696 nobis
648 2646 736 2696 eam
746 2617 855 2694 domi
868 2617 1189 2724 tranquillitatem
1199 2645 1245 2696 ac
1256 2645 1414 2724 pacem,

265 2755 357 2805 eum
379 2755 510 2806 rerum
530 2755 574 2806 ac
596 2748 821 2836 temporum
849 2728 1006 2822 statum,
1035 2749 1078 2808 ut
1104 2757 1241 2808 omnes
1268 2729 1415 2807 nostras

263 2867 357 2947 opes
376 2859 493 2948 atque
510 2841 626 2932 vires,
643 2868 761 2920 omne
779 2839 952 2918 studium
973 2841 1021 2918 ad
1041 2838 1326 2918 defendendam
1347 2869 1415 2919 ec-

263 2951 417 3030 cles1am
437 2951 546 3030 suam
567 2970 700 3031 contra
719 2949 892 3030 hostium
912 2952 1070 3031 suorum
1090 2951 1265 3032 furorem
1287 2980 1331 3031 ac
1355 2981 1417 3031 ra·

263 3062 382 3153 biem,
400 3083 624 3142 convertere
645 3063 846 3172 poffimus.

350 3177 405 3253 W
400 3174 653 3283 estmonasterio
672 3204 718 3253 ex
736 3175 844 3253 Aula
862 3175 999 3282 nostra,
1020 3174 1127 3253 Maii

562 3287 654 3379 Die,
675 3315 738 3365 an.
768 3284 886 3392 1658.

288 3558 565 3664 Eminentffmo
579 3561 734 3653 Domino
749 3560 950 3639 Cardinali
961 3561 1184 3652 Mazarino,
1200 3561 1393 3640 Salutem.

347 3720 661 3799 Eminentiffime
684 3722 884 3814 Domine;

264 3842 433 4032 ILlatae
453 3871 577 3952 nuper
590 3845 900 3950 protestantibus,
921 3847 990 3953 qui
1008 3844 1129 3924 Valles
1143 3844 1330 3951 quasdam
1337 3848 1418 3924 Al-

333 3956 447 4063 pinas
466 3956 507 4032 in
523 3956 671 4034 ditione
693 3958 817 4036 Ducis
838 3956 1035 4036 Sabaudiae
1052 3956 1245 4050 incolunt,
1265 3958 1418 4060 gravis-

262 4066 364 4144 fimae
396 4067 633 4146 calamitates
667 4067 862 4175 caedesque
898 4070 1167 4149 cruentiffimae
1202 4065 1330 4146 secdre
1373 4091 1418 4147 ut

261 4176 424 4256 inclusas
455 4174 522 4256 has
547 4177 675 4258 literas
699 4180 746 4257 ad
774 4178 1020 4284 Majestatem
1049 4181 1236 4287 Regiam,
1266 4176 1417 4287 hasque

261 4290 397 4368 alteras
411 4287 458 4366 ad
472 4289 743 4368 Eminentiam
758 4291 922 4369 vestram
936 4291 1166 4400 scripserim.
1199 4293 1253 4370 Et
1268 4319 1416 4399 quem·

260 4401 476 4481 admodum
497 4399 544 4478 de
566 4401 677 4506 Rege
694 4402 941 4483 Sereniffimo
962 4404 1139 4482 dubitare
1161 4430 1238 4481 non
1257 4402 1415 4511 possum
