2956 4980
390 212 604 349 Epistola
632 213 911 312 Familiares.
1149 260 1223 334 401

74 394 241 474 brorum
260 395 368 503 quod
386 396 611 475 Academia
630 393 716 474 satis
735 395 809 474 esse
829 394 968 504 poffit3
1000 395 1027 475 fi
1051 395 1099 474 ad
1119 396 1230 501 inge-

75 508 191 585 nium
216 508 435 587 incolarum
466 527 619 587 tanturn
644 505 839 586 conferret
869 507 939 585 ista
964 506 1032 586 soli
1064 508 1231 586 amoeni·

77 638 148 712 tas,
169 638 365 726 quantum
381 619 429 698 ad
448 619 606 698 delicias
621 618 788 711 confert,
805 619 853 698 ad
874 617 1104 699 felicitatem
1124 620 1230 698 illius

75 730 155 810 loci
187 730 289 809 nihil
320 730 443 810 deesse
475 731 686 810 videretur.
747 733 801 810 Et
832 730 1079 811 Bibliotheca
1109 732 1231 810 etiam

74 842 160 921 illic
180 842 468 922 instrustillima
487 843 565 937 est;
586 870 725 922 verum
746 843 814 921 nisa
836 841 1095 923 studiosorum
1115 870 1229 922 men-

76 973 135 1034 tes
155 953 387 1063 Disciplinis
413 955 575 1065 optimis
603 954 866 1034 instructiores
891 954 980 1034 inde
1006 955 1229 1047 reddantur,

77 1063 331 1175 Apothecam
345 1067 558 1146 Librorum
574 1066 684 1145 illam
696 1094 819 1174 quam
836 1065 1126 1147 Bibliothecam
1146 1094 1230 1146 rec-

77 1179 156 1257 tius
176 1177 334 1258 dixeris.
397 1180 592 1286 Oportere
606 1180 737 1286 itaque
750 1178 798 1257 ad
816 1176 897 1257 haec
913 1178 1047 1258 omnia
1059 1177 1230 1258 discendi

78 1291 259 1368 animum
276 1309 393 1397 atque
409 1289 638 1369 industriam
654 1290 836 1370 accedere
849 1290 1129 1399 percommode
1144 1288 1230 1369 sane

79 1400 269 1509 agnoscis.
329 1403 397 1480 Tu
428 1429 478 1481 ex
510 1402 579 1481 ista
618 1400 818 1496 sententia,
858 1402 1065 1508 nequando
1097 1421 1231 1481 tecum

79 1540 195 1620 agere
222 1513 368 1592 necesse
399 1511 582 1604 habeam,
615 1516 734 1593 etiam
759 1533 875 1621 atque
899 1514 1020 1593 etiarn
1043 1514 1158 1607 vide;
1190 1512 1231 1591 id

80 1623 274 1704 facillimo
294 1627 454 1731 negotio
474 1625 653 1718 evitabis,
669 1626 696 1705 fi
713 1624 958 1705 Ornatiffimi
971 1626 1060 1705 Viri
1073 1623 1236 1706 Henrici

84 1734 321 1843 Oldenburgi
326 1739 396 1844 qui
410 1737 481 1815 tibi
492 1737 626 1844 praesto
636 1738 705 1830 est,
713 1737 941 1843 gravissimis
951 1735 1231 1844 atqueamicis-

82 1847 188 1927 fimis
199 1851 400 1957 praeceptis
413 1849 621 1954 diligenter
632 1848 818 1958 parueris.
868 1848 966 1927 Vale
980 1847 1234 1929 miRicharde

81 1958 341 2053 dilestiffime‚
355 1980 394 2040 et
413 1960 461 2039 ad
473 1962 674 2041 Virtutem
690 1989 735 2040 ac
749 1961 956 2054 Pietatem,
971 1962 1114 2041 Matris
1133 1988 1232 2068 prae-

83 2070 317 2150 stantissrmae
341 2072 531 2152 Foeminae
554 2073 754 2182 exemplo,
778 2073 901 2152 veluti
926 2069 1149 2154 Trinotheum
1175 2072 1232 2151 al-

82 2202 228 2276 terum,
250 2183 362 2264 finito
382 2204 420 2264 te
440 2182 624 2265 adhorter
641 2204 757 2295 atque
777 2184 1002 2264 accendam.

172 2295 491 2405 Westmonasterio.

199 2720 266 2802 ²3·
299 2692 534 2802 Illustrifflmo
552 2693 708 2773 Domino
730 2693 908 2773 Henrico
927 2694 975 2773 de
997 2696 1120 2776 Brass.

194 2856 289 2936 Ideo
310 2874 362 2951 te,
384 2856 576 2946 Domine,
593 2854 635 2933 id
651 2852 755 2960 quod
774 2854 958 2962 perpauci
978 2881 1028 2933 ex
1048 2853 1237 2934 hodierna

213 2968 420 3073 juventute
441 2966 603 3059 faciunt,
623 2965 694 3072 qui
713 2992 799 3044 oras
818 2983 969 3044 exteras
989 2968 1237 3073 perlustrant,

88 3104 167 3156 non
197 3078 438 3184 juvenilium
475 3078 693 3157 studiorum
727 3075 791 3155 sed
824 3076 1025 3184 amplioris
1064 3077 1238 3187 undique

87 3191 358 3298 comparandae
374 3189 602 3270 eruditionis
616 3187 743 3280 causti,
756 3205 933 3266 veterum
947 3188 1133 3297 exemplo
1146 3189 1241 3269 Phi-

88 3299 358 3410 losophorum,
384 3306 485 3381 reste
513 3319 553 3380 et
576 3299 766 3407 sapienter
785 3300 1038 3406 peregrinari.
1100 3307 1239 3409 Qan-

89 3440 209 3519 quam
231 3442 276 3492 ea
296 3442 381 3520 quae
400 3412 531 3491 scribis
544 3411 697 3518 quoties
717 3413 886 3504 intueor,
907 3411 955 3490 ad
975 3415 1239 3493 eruditionem

89 3551 169 3602 non
195 3543 276 3604 tarn
300 3524 456 3604 aliunde
481 3521 727 3630 capiendam,
751 3549 873 3628 quam
897 3522 981 3602 aliis
1007 3525 1240 3634 impertien-

89 3635 198 3729 dam,
220 3635 268 3715 ad
302 3634 599 3715 commutandas
624 3635 769 3741 potius,
793 3662 913 3740 quam
938 3638 985 3713 ad
1008 3637 1241 3717 coemendas

90 3750 212 3827 bonas
233 3774 396 3840 merces,
426 3746 612 3827 accessisse
641 3744 688 3823 ad
718 3765 871 3825 exteros
891 3745 1046 3826 videris.
1106 3751 1240 3855 Atque

91 3862 246 3940 utinam
267 3857 367 3937 mihi
390 3878 469 3938 tam
490 3856 604 3937 facile
624 3855 729 3947 essm,
751 3856 821 3934 ista
842 3876 908 3936 tua
922 3857 1101 3964 praeclara
1117 3860 1242 3939 studia

91 3972 207 4051 rebus
227 3970 409 4049 omnibus
428 3969 607 4074 adjuvare
628 3995 672 4046 ac
692 3994 939 4074 promovere,
965 3996 1085 4074 quam
1106 3970 1160 4047 est
1173 3970 1242 4075 ju-

92 4083 270 4162 cundum
291 4081 376 4160 sane
397 4099 437 4161 et
455 4100 682 4190 pergratum
709 4096 816 4156 tuam
843 4079 1043 4184 egregiam
1067 4082 1243 4161 indolem

93 4194 133 4273 id
154 4191 177 4273 d
199 4222 265 4273 me
287 4212 432 4302 petere.
491 4190 612 4300 Qod
632 4189 763 4269 scribis
789 4209 920 4268 tamen
944 4192 1109 4271 statuisse
1135 4212 1172 4272 te
1199 4213 1243 4274 ut

93 4306 143 4385 ad
163 4334 229 4385 me
249 4305 445 4396 scriberes,
461 4301 627 4412 meique
648 4300 823 4409 responsa
843 4320 993 4409 peteres
1014 4305 1061 4383 ad
1082 4332 1143 4384 eas
1164 4305 1243 4384 dif-

95 4416 287 4498 ficultates
318 4416 589 4508 enucleandae,
620 4415 723 4493 circa
751 4441 845 4522 quas
880 4411 901 4494 ὲ
937 4416 1071 4495 multis
1102 4415 1245 4498 saculis

155 4554 177 4637 5
426 4604 429 4615 ,
632 4551 660 4604 n
684 4551 711 4604 o
