2956 4980
409 117 573 213 Literae
598 121 792 214 Senatus
817 118 1087 251 Anglicani.
1247 159 1321 242 193
1355 174 1365 192 =

358 565 547 679 Philippo
566 570 714 677 Qarto
734 568 1005 679 Hispaniarum
1023 572 1132 679 Regi.

176 738 379 961 QUam
404 741 575 849 gravitdr
594 739 795 852 quamque
819 742 957 823 acerbe
987 743 1121 824 tulerit
1140 741 1321 851 Majestas

298 852 435 962 Vestra¹
456 853 646 935 nefariam
667 856 778 934 illam
790 856 1142 962 AntoniiAsclrami
1154 858 1318 937 oratoris

173 966 286 1047 nostri
305 965 468 1060 caedem,
494 986 534 1047 et
557 967 655 1077 quid
675 968 883 1076 puniendis
903 967 985 1073 ejus
1005 969 1318 1049 interfectoribus

172 1075 354 1160 hastenus
374 1077 561 1159 effectum
585 1080 631 1160 fit
653 1098 748 1158 cum
771 1109 822 1159 ex
845 1080 966 1160 literis
981 1082 1129 1176 vestris,
1159 1100 1245 1161 tum
1269 1109 1320 1162 ex

172 1189 325 1271 Domino
345 1192 528 1299 Alphonso
551 1191 594 1272 de
622 1191 814 1272 Cardenus
836 1191 965 1298 legato
988 1192 1114 1271 vestro
1137 1194 1319 1302 percepi-

170 1328 272 1385 mus.
329 1303 600 1384 Veruntamen
619 1301 802 1384 facinoris
826 1303 931 1382 illius
953 1305 1198 1382 atrocitatem
1217 1333 1319 1412 quo-

169 1414 237 1494 ties
260 1414 467 1495 nobiscum
490 1436 718 1527 reputamus
741 1443 827 1525 quae
850 1433 890 1494 et
913 1415 1036 1523 ipsam
1059 1415 1122 1494 vel
1147 1413 1318 1495 habendi

125 1604 133 1619 ,
167 1526 225 1607 vel
239 1526 493 1608 conservandi
507 1529 740 1608 commercii
756 1529 948 1607 rationem
964 1525 1140 1607 funditus
1155 1528 1273 1621 tollit,
1288 1529 1317 1608 fi

167 1638 409 1748 legatorum
433 1639 498 1744 jus
524 1641 630 1749 apud
652 1667 790 1719 omnes
820 1640 995 1720 nationes
1022 1638 1317 1734 sanctiffimum,

165 1750 330 1861 impune
351 1769 459 1830 tanto
479 1750 618 1832 scelere
637 1752 862 1845 violabitur,
889 1780 969 1831 non
991 1753 1191 1860 possumus
1217 1754 1315 1860 quin

166 1862 417 1970 Majel'tatem
435 1865 602 1944 vestram
622 1864 775 1944 summi
798 1864 978 1944 instantii
997 1861 1143 1943 iterum
1163 1862 1317 1972 efflagi-

163 1993 295 2056 temus
314 1994 359 2055 ut
377 1975 617 2085 supplicium
636 1976 685 2056 de
701 1977 779 2057 illis
795 1976 997 2085 parricidis
1013 1977 1142 2084 primo
1156 2005 1316 2086 quoque

163 2104 344 2198 ternpore
364 2088 545 2167 debiturn
561 2088 748 2182 sumatur,
764 2105 887 2194 utque
900 2087 1092 2193 justitiam
1108 2089 1188 2167 ulla
1203 2090 1316 2169 mord

160 2218 230 2280 aut
247 2201 413 2281 obtentu
435 2199 635 2308 religionis
657 2199 831 2280 frustrari
850 2197 998 2279 diutiirs
1024 2227 1072 2278 ne
1093 2199 1200 2278 finat.
1261 2203 1315 2280 Et

159 2336 390 2503 ppranquam
410 2313 666 2421 potentiffimi
682 2313 784 2419 regis
797 2313 1013 2391 amicitiam
1029 2311 1192 2421 plurimi
1208 2310 1315 2392 certe

200 2425 348 2516 cimus,
377 2442 510 2503 tamen
540 2442 584 2504 ut
614 2443 692 2503 tam
724 2424 876 2503 infandi
904 2423 1104 2533 parricidii
1134 2419 1316 2505 authores

156 2535 302 2646 dignas
332 2534 400 2615 suo
434 2535 575 2616 scelere
615 2564 747 2645 poenas
780 2536 998 2646 persolvant
1031 2564 1194 2615 omnem
1223 2537 1314 2616 dare

158 2674 325 2757 operam
339 2646 541 2728 debemus.
572 2648 877 2728 Humanitatem
894 2648 1058 2755 quidem
1070 2647 1180 2727 illam
1193 2676 1315 2756 quam

153 2759 262 2867 jussu
276 2760 403 2840 vestro
419 2761 460 2839 in
473 2759 669 2870 Hstaniae
681 2761 871 2870 portubus
885 2759 1006 2840 nostri
1021 2759 1202 2838 homines
1222 2788 1310 2867 per-

160 2870 329 2968 sensdre,
362 2873 587 2981 praeclaram
616 2874 737 2952 etiam
765 2873 896 2952 vestrae
926 2871 1142 2976 Majestatis
1171 2872 1212 2948 in
1246 2897 1316 2951 nos

158 2985 406 3065 voluntatem
436 3011 558 3093 quam
589 3012 715 3092 nuper
753 2984 999 3093 ampliffimis
1029 2982 1157 3063 verbis
1188 2981 1314 3062 vestro

160 3099 325 3177 nomine
345 3098 517 3202 Legatus
542 3097 653 3175 nobis
676 3097 855 3206 exposuit
879 3115 990 3203 grato
1017 3096 1150 3174 animo
1175 3095 1313 3200 agnos·

160 3209 305 3302 cimus,
327 3235 455 3316 neque
475 3237 553 3287 non
573 3207 767 3317 voluptati
786 3209 897 3287 nobis
918 3207 993 3286 erit
1012 3208 1149 3286 eadem
1170 3208 1313 3315 pariter

159 3320 307 3414 officia,
332 3319 360 3399 fi
379 3321 468 3428 quis
487 3321 574 3400 usus
593 3322 757 3413 venerit,
781 3320 919 3428 Vestrae
938 3319 1138 3427 Majestate
1160 3337 1200 3398 et
1220 3319 1313 3425 Hff-

153 3448 341 3542 panarum
364 3433 474 3537 genti
505 3431 678 3511 reddere.
736 3432 793 3510 At
817 3432 888 3511 nis1
909 3430 1067 3535 justitiae
1098 3431 1175 3510 fine
1203 3459 1314 3511 mora

161 3540 321 3624 satisfiat
343 3542 449 3650 quod
469 3542 624 3649 jamdiu
651 3543 838 3652 petimus,
862 3571 943 3651 quo
963 3542 1038 3621 niti
1057 3539 1313 3623 fundamento

160 3656 337 3736 amicitia
357 3655 500 3736 srncera
521 3683 565 3736 ac
589 3656 772 3735 diuturna
793 3655 908 3762 poslit
927 3681 1006 3733 non
1026 3654 1218 3747 videmus,
1242 3683 1313 3734 cu·

153 3767 220 3874 jus
241 3787 373 3847 tamen
393 3766 660 3848 conservande
680 3797 701 3846 a
721 3767 832 3846 nobis
848 3765 1010 3873 quidem
1028 3765 1134 3844 nulla
1154 3764 1313 3846 honesta

159 3878 312 3960 occafio
334 3877 449 3959 sacili
476 3882 697 3972 omittetur,
734 3879 799 3957 cui
823 3880 942 3958 etiam
978 3877 1048 3956 fini
1072 3876 1313 3985 praesentiam

159 3992 304 4102 Legati
322 3991 428 4102 apud
449 4019 519 4073 nos
538 3992 653 4072 vestri
672 3990 892 4070 conducere
910 3989 1194 4070 existimamus.
