2956 4980
263 241 350 340 426
567 217 859 318 Prolufiones
886 220 1124 316 Oratoriae.

261 417 386 491 antro,
420 415 524 476 certe
540 398 594 493 ,in
619 393 915 474 Monachorum
946 393 1136 503 specubus
1166 411 1264 472 natae
1295 393 1413 485 olent,

262 527 379 616 atque
399 507 545 617 spirant
564 507 798 616 scriptorum
812 505 972 585 suorum
989 524 1140 585 torvam
1156 503 1414 598 severitatem,

263 639 303 700 et
333 638 510 728 paternas
539 646 654 727 rugas
681 633 759 728 pra
785 617 822 696 se
849 615 995 711 ferunt,
1014 643 1178 724 quaeque
1205 617 1308 695 inter
1330 616 1415 695 suc-

263 733 432 811 cindtam
444 731 675 811 brevitatem
688 730 776 839 plus
789 730 914 808 nimio
925 728 1087 837 prolixae
1097 729 1256 808 taedium
1268 747 1414 820 creant,

262 862 302 924 et
321 842 525 936 nauseam3
546 861 586 922 at
606 843 632 922 fi
651 841 808 949 quando
828 842 1094 951 productiores
1114 840 1314 947 leguntur,
1328 859 1415 919 tum

261 955 426 1063 quidem
441 952 718 1034 aversationem
738 980 838 1061 pene
852 953 1085 1046 naturalem,
1097 952 1178 1031 etsi
1197 951 1296 1058 quid
1315 951 1416 1030 ultra

261 1067 318 1146 est
337 1066 460 1145 innati
480 1065 562 1144 odii
581 1065 739 1173 pariunt
760 1064 1003 1143 Lestoribus.
1049 1065 1194 1173 Saepius
1214 1090 1306 1169 ego,
1327 1063 1414 1142 Au·

261 1178 420 1270 ditores,
441 1204 535 1256 cum
561 1175 665 1256 mihi
692 1175 793 1256 sorte
816 1175 1021 1283 aliquoties
1048 1178 1319 1282 imponeretur
1345 1201 1415 1252 ne·

260 1289 408 1369 ceffitas
428 1289 686 1396 investigandi
704 1288 899 1396 paulisper
918 1285 986 1366 has
1006 1286 1231 1394 argutiolas‚
1246 1284 1337 1393 post
1354 1314 1415 1364 re-

261 1399 386 1480 tusam
405 1401 558 1480 diutina
581 1401 748 1479 lestione
772 1419 812 1479 et
835 1400 958 1478 animi
984 1417 1025 1478 et
1042 1399 1249 1478 oculorum
1270 1398 1412 1490 aciem,

260 1513 395 1620 saepius
419 1513 583 1621 inquam
611 1510 659 1591 ad
688 1510 1017 1619 interspirandum
1036 1511 1172 1602 restiti,
1193 1528 1232 1588 et
1252 1507 1414 1588 subinde

259 1622 424 1732 pensum
443 1623 569 1704 oculis
588 1623 767 1702 emensus
786 1622 940 1731 quaesrvi
967 1621 1153 1702 miserum
1183 1620 1287 1699 taedii
1314 1620 1413 1699 sola-

259 1736 383 1829 tium;
405 1763 499 1815 cum
511 1763 603 1815 vero
621 1734 707 1843 plus
721 1733 873 1844 semper
886 1734 1062 1813 viderem
1075 1731 1278 1842 superesse,
1291 1730 1414 1840 quam

229 1933 231 1937 y
259 1846 366 1955 quod
394 1846 561 1953 legendo
587 1845 842 1939 absolveram,
869 1874 890 1924 e
921 1845 1057 1924 uidem
1081 1845 1284 1924 inculcatis
1309 1842 1414 1923 hisce

258 1958 415 2064 ineptiis
435 1959 587 2064 quoties
607 1959 817 2066 praeoptavi
838 1874 940 2035 mili
960 1955 1252 2065 repurgandum
1264 1959 1414 2063 Augeae

260 2068 416 2160 Bubile‚
444 2067 695 2175 foelicemque
722 2069 928 2177 praedicavi
955 2070 1169 2161 Herculem,
1194 2068 1261 2146 cui
1287 2065 1414 2146 facilis

258 2179 367 2287 Juno
404 2176 627 2284 hujusmodi
665 2207 880 2259 aerumnam
914 2206 1117 2286 nunquam
1151 2180 1414 2287 imperaverat

257 2291 548 2371 exantlandam.
609 2292 700 2371 Nec
725 2293 931 2371 materiam
962 2289 1062 2370 hanc
1093 2318 1291 2385 enervem,
1325 2291 1413 2370 lan-

255 2403 433 2510 guidam,
452 2421 492 2482 et
512 2402 627 2482 humi
647 2401 867 2512 serpentem
893 2404 1024 2510 erigit,
1045 2420 1111 2483 aut
1136 2403 1282 2483 attollit
1302 2402 1411 2481 flori-

255 2514 342 2592 dior
362 2514 493 2620 stylus‚
509 2513 573 2593 sed
586 2513 742 2619 jejunus
757 2534 797 2595 et
811 2542 982 2594 exuccus
998 2516 1054 2593 rei
1066 2515 1301 2594 tenuitatem
1313 2514 1413 2593 adeo

255 2624 564 2730 conjundtislrme
584 2627 809 2720 comitatur,
831 2645 874 2705 ut
894 2654 967 2733 ego
988 2628 1046 2707 uti
1077 2655 1125 2705 ue
1145 2624 1260 2705 facile
1279 2627 1411 2704 credi-

256 2736 383 2815 derim
414 2734 483 2814 sub
512 2737 609 2816 tristi
633 2739 798 2818 Saturno
828 2737 1012 2847 scriptam
1044 2656 1169 2829 baisse,
1199 2737 1269 2815 nifi
1300 2738 1411 2845 quod

255 2849 424 2927 innocua
452 2866 545 2928 tunc
572 2851 760 2961 temporis
787 2851 1013 2959 fimplicitas
1039 2852 1235 2956 ignoraret
1253 2850 1411 2957 prorsus

253 2959 416 3039 offucias
436 2960 538 3053 istas,
555 2980 594 3040 et
612 2961 856 3054 diverticula,
879 2989 1050 3068 quorum
1070 2959 1113 3038 hi
1132 2961 1243 3040 Libri
1264 2961 1411 3040 scatent

256 3070 416 3178 ubique.
476 3072 588 3151 Mihi
619 3073 780 3165 credite,
805 3074 976 3177 Juvenes
1012 3074 1271 3165 Ornatillrmi,
1308 3072 1409 3151 dum

254 3210 330 3290 ego
350 3184 482 3262 inanes
503 3183 614 3263 hasce
633 3184 928 3291 quaestiunculas
953 3211 1236 3292 nonnunquam
1261 3185 1410 3265 invitus

253 3321 454 3402 percurro,
474 3295 608 3375 videor
629 3294 731 3374 mihi
751 3324 820 3406 per
838 3293 1063 3401 confragosa
1084 3296 1229 3402 tesqua,
1250 3313 1289 3374 et
1309 3294 1408 3374 sale-

253 3406 353 3497 bras,
368 3433 515 3513 perque
527 3406 647 3486 vastas
662 3407 902 3502 solitudines,
917 3426 956 3485 et
976 3425 1185 3515 praeruptas
1206 3409 1407 3486 montium

252 3515 444 3620 angustias
466 3519 539 3595 iter
557 3518 771 3614 conficere;
803 3536 1006 3628 propterea
1032 3546 1104 3598 nec
1123 3519 1332 3598 verifimile
1351 3520 1409 3599 est

250 3625 485 3718 venustulas,
520 3647 560 3705 et
598 3629 792 3734 elegantes
825 3629 960 3708 Musas
999 3631 1176 3737 pannosis
1209 3629 1331 3723 hisce,
1366 3650 1407 3711 et

253 3738 434 3847 squalidis
466 3738 618 3846 praeeffe
651 3741 798 3832 studiis,
828 3759 895 3820 aut
926 3741 1067 3821 deliros
1099 3740 1243 3820 horum
1272 3743 1405 3820 secta-

254 3871 355 3931 tores
368 3852 408 3928 in
425 3848 537 3929 suurn
551 3853 754 3930 vendicare
771 3852 1058 3960 patrocinium;
1081 3855 1207 3933 immo
1221 3855 1405 3934 existimo

252 3963 406 4040 nullum
422 3989 597 4070 unquam
616 3961 727 4043 fuisse
746 3965 793 4042 iis
813 3964 853 4041 in
877 3965 1058 4074 Parnasso
1074 3965 1223 4057 locum,
1240 3965 1310 4043 nis1
1330 3967 1405 4045 ali-

251 4101 371 4182 quem
390 4072 490 4153 sorte
510 4076 550 4154 in
577 4077 660 4154 imo
680 4076 779 4155 colle
799 4077 988 4184 angulum
1009 4077 1216 4175 incultum,
1238 4077 1405 4158 inamoe-

252 4215 364 4279 num,
385 4186 516 4265 dumis
536 4206 575 4265 et
594 4187 711 4295 spinis
729 4187 922 4296 asperum,
938 4209 1054 4295 atque
1075 4187 1297 4283 horridum,
1317 4218 1405 4269 car-

250 4299 350 4389 duis,
363 4318 402 4376 et
414 4298 531 4376 densi
550 4300 674 4377 urticd
692 4319 938 4408 coopertum,
952 4299 973 4378 i
987 4299 1109 4380 choro
1123 4319 1163 4380 et
1182 4299 1403 4408 frequentia

250 4411 427 4488 Dearum
453 4410 767 4503 remotislrmum,
788 4413 856 4518 qui
885 4440 956 4490 nec
982 4414 1138 4492 emittat
1158 4415 1306 4494 Lauros
1330 4442 1403 4493 nec
