2956 4980
99 240 215 373 Cap.
238 282 300 357 4..
415 238 604 338 Plenior
631 240 878 340 Institutio,
1152 282 1228 365 117

62 416 243 523 negando.
281 418 472 525 Exceptis
491 418 618 525 plenis
635 417 1039 534 comparationibus,
1029 446 1068 495 1n
1083 415 1226 524 quibus

62 528 144 609 duo
164 526 283 638 plane
302 529 483 609 distincta
501 531 700 610 axiomata
716 532 818 624 sunt,
835 530 1062 659 propositio,
1078 550 1117 609 et
1138 529 1226 608 red·

63 639 178 721 ditio.
242 642 354 722 Nam
373 640 679 735 distributiones,
699 671 795 751 quas
824 645 945 723 etiam
971 642 1120 751 excipit
1140 644 1224 721 Ra-

20 779 25 791 ·
62 781 160 845 rnus,
181 770 242 846 ut,
263 754 562 861 Argumentum
581 754 637 832 est
662 755 862 834 artificiale
880 775 947 835 aut
966 752 1224 846 inartificiale,

61 866 268 945 axiomate
293 865 463 973 fimplici
494 867 688 945 enuntiari
717 868 886 975 possunt,
913 887 956 946 ut
981 864 1082 946 infra
1106 866 1224 944 doce·

60 975 197 1056 bitur:
229 976 385 1085 poliunt
411 997 451 1057 ct
476 976 639 1072 diversa,
664 1007 750 1086 quae
776 980 980 1086 excipiunt
1012 978 1093 1070 alii,
1121 977 1147 1055 fi
1173 978 1223 1056 fic

60 1090 262 1183 enuntias,
274 1088 435 1198 Aliquis
455 1086 645 1170 facundus
667 1093 817 1171 nonest
837 1090 1053 1171 formosus:
1075 1108 1115 1169 et
1127 1118 1223 1169 con-

59 1202 208 1295 traria;
240 1218 298 1294 ut,
319 1202 441 1281 virtus
462 1230 539 1281 non
560 1202 616 1282 est
636 1204 793 1295 vitium,
816 1204 894 1284 &c.

118 1312 455 1421 Axiomaſsmplex
474 1314 522 1422 est
537 1315 711 1420 generale
729 1332 798 1394 aut
803 1314 980 1424 speciale.

119 1425 224 1505 Haec
239 1424 462 1506 distributio
477 1425 533 1504 est
549 1427 736 1536 srmplicis
752 1427 959 1506 axiomatis
974 1454 1024 1504 ex
1045 1424 1222 1529 adjuncia

58 1538 300 1646 quantitate,
320 1565 407 1646 quae
430 1537 585 1633 modos,
617 1567 695 1620 non
726 1540 868 1647 species
897 1538 1111 1617 constituit.
1174 1538 1222 1616 In

57 1651 265 1729 axiomate
293 1670 428 1729 autem
457 1649 689 1759 compofito,
727 1651 953 1759 quantitatis
988 1651 1094 1729 nulla
1124 1651 1221 1729 ratio

59 1759 250 1856 habetur,
269 1761 332 1841 sed
355 1780 508 1842 tantum
529 1763 692 1857 vinculi,
714 1783 757 1841 ut
778 1763 877 1842 infra
898 1763 1088 1842 dicemus.

119 1875 287 1954 Axioma
301 1873 474 1983 generale
491 1874 553 1983 est,
570 1874 712 1984 quando
731 1905 912 1956 commune
930 1874 1140 1984 constquens
1158 1891 1221 1953 at·

58 1984 252 2067 tribuitur
266 1985 496 2093 generaliter
514 1988 694 2067 communi
707 1988 947 2068 antecedenti.

121 2097 261 2207 Vulgb
279 2101 400 2178 etiam
421 2119 582 2180 vocatur
602 2101 823 2205 universale.
885 2100 1132 2179 Generaliter
1151 2127 1220 2176 au-

64 2230 149 2290 tem
169 2210 408 2320 consequens
425 2213 669 2292 antecedenti
685 2212 923 2305 attribuitur,
938 2212 1095 2319 quando
1110 2212 1221 2291 omni

64 2325 220 2462 totique
247 2323 323 2402 five
347 2323 524 2404 universo
550 2326 794 2405 antecedenti
821 2325 1060 2417 attribuitur,
1089 2324 1220 2401 omni-

64 2431 269 2565 hiisque·”
243 2463 305 2530 ns,
336 2463 422 2544 quae
445 2435 577 2515 sub
544 2465 626 2543 eJus
650 2438 929 2545 fignificatione
954 2439 1218 2516 continentur.

66 2550 131 2629 Ad
156 2548 318 2629 axioma
348 2549 470 2655 igitur
499 2549 694 2655 generale,
726 2553 798 2629 tria
827 2549 908 2629 haec
939 2550 1217 2656 requiruntur;

66 2659 319 2769 consequens,
349 2679 389 2739 et
408 2661 639 2740 antecedens
661 2663 855 2768 generale,
887 2680 927 2740 et
950 2662 1140 2769 generalis
1161 2680 1219 2740 at-

63 2772 241 2853 tributio.
302 2773 448 2880 Neque
469 2774 577 2852 enim
603 2802 652 2852 ex
677 2792 769 2852 nota
791 2776 864 2853 five
886 2775 993 2879 signo
1014 2771 1220 2852 universali

61 2884 335 2965 definiendum
352 2882 429 2963 fuit
447 2886 605 2964 axioma
621 2886 825 2992 generale;
848 2883 942 2965 cirm
963 2906 1001 2966 et
1022 2884 1219 2993 saepiffime

59 3024 142 3078 non
163 2997 259 3077 adfit
279 3016 384 3090 nota,
413 3016 453 3076 et
476 2994 571 3077 clim
593 2997 712 3091 adest,
741 3026 819 3077 non
842 2998 954 3078 causa
978 2999 1040 3075 sed
1065 2998 1219 3104 fignum

58 3108 643 3192 tantummodosrtaxiomaeffe
655 3112 847 3216 generale.
869 3109 1218 3215 indefinitaigitur,

55 3248 150 3329 quae
169 3220 292 3330 vulgb
308 3240 462 3314 vocant,
476 3223 543 3300 etsr
565 3240 699 3301 notam
721 3250 799 3302 non
818 3221 965 3301 habent
980 3220 1218 3329 generalem,

53 3334 262 3439 generalia
275 3352 407 3413 tamen
419 3331 523 3428 sunt;
546 3333 849 3414 utdelinitiones
862 3354 902 3413 et
914 3337 1063 3441 reliqua
1075 3334 1218 3411 artium

58 3463 271 3554 praecepta,
302 3473 388 3552 quae
407 3473 525 3525 nemo
546 3446 741 3552 generalia
761 3446 834 3526 effe
855 3446 1115 3538 inficiabitur;
1147 3471 1220 3523 nec

61 3578 203 3636 notam
224 3578 355 3635 tamen
371 3558 596 3663 generalem
610 3557 810 3665 praefixam
824 3555 983 3637 habent.
1017 3558 1135 3638 Notae
1149 3584 1220 3635 ax-

62 3669 220 3749 iomatis
240 3669 430 3776 generalis
451 3690 530 3749 tam
548 3669 731 3748 affirmati
751 3667 871 3778 quim
892 3671 1024 3778 negati
1040 3667 1099 3748 hae
1112 3668 1219 3747 sunt:

63 3782 189 3874 omnis,
208 3781 334 3860 nullus
346 3812 360 3872 ,·
367 3782 529 3890 semper,
545 3811 758 3891 nunquam
780 3781 925 3892 ubique,
942 3781 1219 3891 nusquam,etc.

123 3897 255 4002 Atque
274 3894 335 3974 hic
354 3893 594 3974 contradifflio
613 3924 682 3973 non
696 3895 846 4002 semper
866 3894 1003 3975 diuidit
1029 3921 1160 3972 verum
1186 3908 1223 3971 et

47 4004 229 4111 saffitnu
252 4003 330 4111 std
353 4005 638 4111 contingentium
668 4023 828 4114 utraque
854 4024 950 4114 pars
974 4004 1082 4113 suffit
1105 4003 1221 4113 potest

68 4147 150 4197 ee.
187 4136 246 4210 ut,

72 4117 308 4309 ffOmnis
290 4258 328 4308 tn
348 4228 438 4309 urbe
456 4230 555 4310 locus
574 4229 669 4337 bajis
681 4232 787 4340 prael
784 4249 865 4310 ucet
884 4231 1047 4311 amenis.
1111 4228 1220 4309 Nul-

65 4340 161 4420 lus
142 4370 182 4420 tn
202 4338 294 4420 urbe
312 4340 410 4421 locus
428 4341 523 4448 bajis
536 4345 643 4451 prael
639 4362 721 4423 ucet
740 4343 903 4423 arncenr's.

120 4454 217 4533 Itern
235 4482 305 4534 non
323 4453 620 4562 contingentium.
