2956 4980
269 246 288 330 ἰ
303 276 354 354 14
682 234 808 328 Artis
835 234 1019 364 Logicae
1209 229 1318 329 Lib.
1347 268 1387 323 2.

270 409 468 521 dispofitio
487 411 672 520 praecepti
690 437 785 489 cum
804 429 1012 520 praecepto,
1032 408 1096 489 sed
1120 407 1347 515 argumenti
1367 405 1428 485 so-

271 521 358 604 lum
377 550 471 603 cum
490 542 739 630 argumento,
765 551 851 631 quae
871 524 1078 603 axiomatis
1099 522 1276 602 doctrina
1294 518 1366 613 est,
1386 536 1426 597 et

272 665 322 716 ex
342 635 582 744 homogenei
601 634 828 716 definitione
847 634 927 745 ipsa
946 631 1103 743 ejirsque
1123 633 1318 746 exemplis
1336 658 1425 741 per-

273 748 447 859 spicitur.

331 862 493 941 Axioma
511 860 737 969 reciprocum
750 859 811 968 est,
827 859 968 969 quando
983 859 1191 968 corfiquens
1195 856 1347 966 semper
1361 883 1427 934 ve-

275 973 426 1079 rumess
452 971 494 1052 de
517 972 764 1066 antecedente,
783 1002 854 1052 nen
869 970 992 1080 selim
1011 971 1107 1053 omni
1129 989 1166 1051 et
1186 987 1260 1079 per
1276 968 1339 1076 se,
1357 965 1430 1074 fid

274 1086 385 1166 ctiam
403 1085 601 1192 reciproce.
1140 1078 1143 1083 ’

333 1200 394 1277 Ut
417 1194 540 1277 homo
566 1197 622 1277 est
648 1196 793 1277 animal
821 1196 1032 1276 rationale:
1064 1221 1251 1274 numerus
1278 1193 1338 1272 est
1360 1220 1426 1302 par

276 1311 339 1389 vel
358 1311 499 1419 impar.
559 1310 696 1419 Lupus
712 1310 768 1389 est
783 1329 895 1389 natus
914 1308 963 1387 ad
981 1307 1230 1388 ululandum.
1292 1306 1342 1385 ld
1360 1334 1427 1414 ap-

277 1424 446 1534 pellatur
472 1419 627 1504 ueneno
653 1422 798 1539 epiros,
826 1423 874 1500 de
904 1440 988 1500 toto
1015 1422 1205 1529 primum.
1267 1419 1429 1527 Nempe

276 1535 437 1645 quiade
457 1536 569 1614 nullo
595 1536 703 1643 prius
732 1533 899 1628 dicitur;
930 1533 1100 1642 idebque
1125 1531 1359 1643 proximum
1377 1530 1429 1609 est

278 1668 317 1728 et
333 1648 625 1740 immediatum,
642 1648 848 1755 proprium
865 1666 904 1726 et
918 1647 1063 1754 aequale
1079 1677 1089 1741 ;
1121 1642 1279 1752 uanue
1295 1642 1427 1735 verb0,

279 1764 543 1871 reciprocum;
565 1778 610 1839 ut
621 1759 762 1839 rifibile
775 1758 824 1838 de
837 1758 1023 1840 homine:
1045 1759 1174 1839 omnis
1188 1759 1298 1837 enim
1310 1755 1430 1836 homo

279 1874 334 1952 est
362 1873 546 1967 rifibilis;
587 1892 627 1952 et
653 1871 866 1981 reciproce,
898 1899 1017 1952 omne
1042 1869 1184 1951 rifibile
1210 1869 1267 1949 est
1295 1868 1430 1949 homo.

279 1986 378 2064 Haec
399 1986 534 2093 regula
553 1985 622 2062 nisi
643 1984 880 2078 observetur,
901 1986 1015 2064 vitari
1039 1982 1257 2093 tautologia
1276 1982 1320 2060 in
1340 1982 1432 2062 arti-

280 2097 351 2177 bus
368 2126 444 2178 non
462 2097 601 2207 potest.
632 2098 744 2175 Tum
761 2098 868 2176 enim
885 2125 962 2176 non
981 2098 1246 2207 reciprocatur
1259 2094 1431 2186 axioma,

279 2205 375 2289 cbm
394 2208 624 2290 antecedens
640 2209 892 2317 consequenti
911 2238 990 2290 non
1006 2210 1062 2289 est
1076 2209 1237 2317 aequale,
1255 2225 1324 2286 aut
1339 2233 1432 2286 con·

279 2340 360 2416 tra;
393 2323 455 2402 sed
471 2321 533 2401 vel
554 2322 718 2432 speciale
735 2322 853 2400 alicui
867 2323 1016 2428 generi,
1030 2321 1094 2400 vel
1113 2320 1295 2428 generale
1316 2319 1432 2398 alicui

280 2434 423 2544 speciei
450 2435 700 2514 attribuitur:
737 2435 917 2542 generale
944 2453 1077 2513 autem
1112 2434 1161 2512 de
1193 2431 1323 2540 specie
1355 2457 1434 2509 non

282 2549 426 2627 dicitur
445 2544 599 2654 primb3
631 2549 739 2656 prius
756 2547 864 2625 enim
880 2547 1025 2626 dicitur
1040 2546 1088 2625 de
1108 2572 1265 2653 genere.
1328 2541 1435 2623 Cbm

282 2678 414 2738 autem
435 2658 475 2737 id
495 2658 603 2767 quod
622 2660 774 2764 generis
802 2659 872 2750 est,
902 2658 1043 2768 speciei
1068 2657 1309 2748 attribuitur,
1330 2656 1435 2736 idem

282 2772 323 2849 in
344 2772 504 2879 reliquis
525 2768 723 2877 speciebus
742 2772 952 2851 necessario
966 2772 1022 2850 est
1039 2769 1314 2879 repetendum,
1331 2766 1436 2877 quod

281 2884 323 2962 in
343 2911 485 2992 genere
510 2881 629 2961 semel
651 2885 804 2963 dietum
831 2886 1021 2993 oportuit.
1082 2882 1147 2962 Ad
1175 2880 1277 2961 hanc
1306 2882 1437 2988 itaque

283 2998 459 3105 regulam
482 2996 652 3104 pertinet
672 3017 912 3106 praeceptum
932 2997 1023 3075 artis
1042 2995 1140 3074 illud
1166 2992 1299 3072 nobile
1319 2987 1440 3096 perrari

283 3111 434 3211 γενικῶς,
461 3108 655 3215 generalia
675 3110 903 3214 generaliter
928 3127 968 3188 et
993 3108 1112 3187 semel
1140 3104 1319 3186 docenda
1337 3104 1435 3183 sunt.

285 3222 385 3300 Haec
397 3222 462 3300 lex
475 3221 672 3313 brevitati,
687 3221 853 3300 brevitas
871 3239 1004 3300 autern
1019 3218 1290 3328 intelligentiae
1301 3236 1342 3297 et
1353 3244 1439 3295 mc·

286 3334 420 3412 moriae
438 3333 616 3412 consulit.

342 3447 477 3552 Atque
504 3443 563 3524 hae
590 3464 665 3523 tres
693 3444 779 3524 sunt
805 3444 911 3551 leges
937 3443 1267 3523 documentorum
1295 3440 1442 3520 artium

286 3560 550 3666 propriorum.
602 3557 735 3637 Prima
751 3554 851 3637 κατοὲ
866 3552 1010 3649 wavria,
1024 3556 1089 3634 lex
1101 3555 1299 3647 veritatis;
1321 3576 1442 3659 prop-

287 3689 390 3749 terea
410 3669 517 3779 qubd
538 3670 788 3748 necessariam
808 3669 990 3748 affirmati
1009 3667 1217 3748 axiomatis
1237 3664 1444 3744 veritatem

287 3810 336 3861 ex
352 3783 607 3862 consentanea
624 3783 796 3890 partium
812 3781 1017 3860 affectione
1033 3779 1215 3890 postulat.
1265 3774 1446 3855 Secunda

288 3894 374 3974 καθ’
392 3892 493 3988 viuri,
515 3896 579 3974 lex
597 3894 779 4000 justitiae;
811 3895 904 4003 quia
924 3894 1120 3999 justitiam
1141 3889 1308 3998 requirit
1327 3888 1369 3965 in
1390 3884 1446 3965 es-

288 4004 437 4086 sentiali
457 4009 630 4116 partium
650 4008 899 4112 cognatione.
960 4007 1130 4086 Peccant
1155 4030 1251 4110 ergo
1278 4002 1323 4079 in
1342 3998 1445 4078 hanc

289 4117 435 4225 legem,
456 4120 527 4225 qui
555 4117 814 4199 Rhetoricam
843 4119 882 4196 in
917 4118 1199 4209 inventionem,
1224 4112 1457 4223 dispofitio·

289 4258 398 4323 nem,
426 4233 678 4324 memoriam,
709 4234 785 4311 &o
818 4228 1070 4324 distribuunt,
1097 4226 1193 4309 ciam
1222 4225 1459 4307 Rhetorice

289 4362 417 4451 partes
430 4343 657 4436 attribuant,
672 4371 758 4452 quae
771 4342 997 4422 Dialecticae
1010 4339 1289 4450 propriaesunt.
1344 4338 1449 4417 Ter-

292 4459 343 4535 tia
370 4451 529 4537 καθόλου
554 4456 699 4572 πρῶτον,
721 4456 785 4535 lex
805 4455 1014 4564 sapientia,
1038 4452 1185 4535 meritb
1207 4453 1297 4533 dici
1320 4449 1445 4560 poffie
