2956 4980
170 263 247 340 190
405 229 568 323 Literae
594 230 786 321 Senatus
810 217 1082 355 Anglicani.

165 673 384 780 Serenffmo
412 700 459 755 ac
481 691 626 783 potent
613 674 718 782 ffimo
744 673 922 784 Principi
953 671 1259 866 Philippo!
1172 674 1312 781 Qarto

207 787 491 1005 jgp‘ippttparum
516 789 627 894 Regi,
653 788 939 868 Parlamentum
962 786 1084 895 Repu
1144 786 1271 894 Angl
1254 815 1307 877 ιιι,

266 1059 342 1138 Uis
363 1085 493 1137 rerum
519 1056 735 1136 nostratum
760 1055 877 1135 status
899 1056 960 1149 fit,
989 1083 1189 1163 quamque
1212 1073 1300 1134 atro·

291 1170 444 1248 cibus
433 1169 583 1274 injuriis
611 1167 772 1260 subacti,
801 1166 965 1278 sumptis
996 1167 1156 1248 tandem
1183 1167 1299 1258 armis,

163 1280 397 1389 capessenda
416 1281 605 1361 libertatis
624 1280 831 1360 confilium
851 1280 1087 1389 ceperimus,
1106 1277 1299 1361 constitua

163 1392 241 1499 qud
260 1420 364 1472 nunc
383 1393 535 1473 utimur
555 1392 800 1501 Reipublicae
819 1389 961 1483 sormi,
982 1418 1110 1498 neque
1131 1388 1298 1517 Majgstaj

163 1522 236 1584 tem
256 1505 422 1613 Vestram
441 1503 568 1614 potest
586 1504 719 1596 latere,
740 1530 869 1610 neque
890 1503 1013 1582 alium
1032 1502 1230 1630 quemvis,
1245 1500 1298 1609 qui

162 1615 343 1724 evulgata
361 1616 473 1724 super
488 1614 562 1696 hac
582 1615 780 1723 rescripta
800 1616 927 1695 nostra
942 1641 1052 1721 aequo
1072 1615 1208 1693 animo
1225 1640 1297 1721 per·

163 1726 316 1835 legerit
376 1727 506 1808 Nobis
527 1727 704 1837 profesto
724 1725 844 1806 fidem
863 1727 1050 1819 nostram,
1074 1727 1299 1834 aequitatem,

164 1840 409 1946 patientiam,
447 1839 623 1920 testatam
658 1839 807 1918 cunetis
836 1856 876 1918 ct
904 1837 1108 1948 probatam
1140 1837 1302 1926 reddere,

164 1947 442 2030 authoritatem
463 1953 597 2044 etiam,
621 1949 830 2042 honorem,
855 1968 895 2030 et
913 1951 1031 2029 decus
1051 1950 1231 2029 nostrum
1248 1947 1303 2027 ad·

161 2060 290 2142 versus
309 2061 475 2142 infames
495 2064 660 2142 exulum
679 2081 720 2142 et
738 2060 996 2170 perfugarum
1020 2060 1176 2167 linguas
1196 2059 1305 2151 tueri,

162 2174 267 2281 apud
291 2174 452 2253 idoneos
477 2202 610 2254 rerum
636 2175 884 2254 aestimatores
907 2173 1069 2252 difficile
1092 2198 1173 2252 non
1200 2171 1308 2251 debet

162 2285 249 2364 csse.
310 2287 433 2366 Nunc
463 2289 572 2394 quod
599 2305 824 2367 exterarum
853 2276 1059 2364 nationum
1093 2285 1222 2391 magis
1255 2283 1311 2362 in·

161 2398 290 2490 terest,
321 2397 475 2491 deletis,
508 2418 576 2477 aut
609 2398 790 2506 depreffis
822 2397 961 2477 Patriae
995 2393 1188 2488 hostibus,
1222 2396 1311 2474 Deo

161 2534 305 2636 nempe
326 2508 491 2589 mirifice
510 2510 647 2615 adjuti,
672 2510 720 2588 ad
725 2536 879 2637 pacem
899 2526 939 2587 et
965 2508 1184 2587 amicitiam
1203 2508 1315 2587 omni

162 2619 330 2727 imperio
354 2623 550 2727 potiorem
576 2648 668 2699 cum
697 2621 835 2700 vicinis
863 2619 1046 2727 gentibus
1074 2616 1313 2712 habendam,

161 2748 314 2836 paratos
341 2758 411 2809 nos
435 2731 508 2810 effe
533 2733 664 2842 palam
691 2751 807 2840 atque
835 2759 886 2810 ex
910 2732 1044 2810 animo
1063 2729 1314 2839 profitemur

161 2840 247 2920 Has
268 2841 319 2920 ob
339 2841 468 2921 causas
495 2842 669 2952 speetatae
691 2844 851 2923 solertiae
875 2860 914 2921 et
942 2842 1144 2950 probitatis
1164 2843 1316 2921 Virum

162 2953 366 3034 Antonium
379 2953 627 3059 Aschamum
617 2983 657 3034 m
673 2954 897 3064 Hispaniam
913 2958 961 3033 ad
975 2952 1282 3082 MaJ‘estatems
1227 2952 1319 3060 Vs

160 3082 262 3144 tram
286 3065 486 3160 mifimus3
521 3068 592 3174 qui
623 3067 671 3145 de
705 3067 881 3146 amicitia
911 3065 1039 3173 deque
1069 3065 1224 3145 solito
1212 3083 1319 3144 mter

161 3195 369 3284 utramque
389 3197 549 3284 gentem
574 3179 817 3258 commercio
840 3205 934 3257 cum
955 3177 1157 3306 Majestate
1178 3176 1316 3287 Vestra

159 3307 271 3394 agat3
294 3290 356 3367 vel
370 3290 489 3370 etiam
503 3290 550 3369 ad
567 3318 684 3370 novas
696 3291 916 3419 pastiones,
922 3288 1163 3370 fiitavisum
1175 3286 1316 3382 fuerit,

159 3398 248 3478 dc
237 3419 391 3506 integro
420 3401 641 3482 sanciendas
670 3405 776 3481 viam
805 3402 972 3480 muniat.
1046 3400 1199 3481 Huic
1187 3401 1317 3508 igitur

162 3512 214 3589 V
196 3512 301 3619 strae
314 3512 707 3622 Majestatisadeundi
725 3514 881 3622 copiam
903 3531 947 3593 ut
966 3511 1175 3605 faciatis,e
1152 3510 1317 3619 ejusque

159 3624 438 3718 incolumitati,
459 3653 609 3706 necnon
630 3628 750 3705 etiam
771 3625 927 3717 honori,
954 3625 1084 3733 quoad
1111 3623 1184 3703 isto
1204 3624 1315 3733 apud

158 3762 225 3815 vos
251 3765 414 3817 munere
439 3737 714 3846 perfuncturus
744 3738 814 3830 est,
838 3737 966 3816 velitis
995 3735 1217 3846 prospicere
1248 3764 1316 3816 ro-

159 3873 322 3977 gamus:
348 3869 392 3929 ut
411 3870 449 3929 et
469 3879 514 3929 ea
533 3847 655 3959 quaed
672 3850 782 3930 nobis
804 3850 985 3930 mandata
1004 3847 1137 3942 habet,
1154 3849 1315 3956 utrique

158 3962 282 4064 genti,
313 3980 358 4041 ut
386 3960 597 4091 speramus,
628 3961 846 4070 profutura,
885 3959 1008 4041 libere
1037 3978 1236 4069 exponat;
1274 3980 1318 4041 et

157 4073 300 4151 mentis
321 4072 466 4152 Vestrae
484 4103 554 4183 qur
543 4074 700 4154 sensus
720 4072 781 4153 his
800 4074 850 4153 de
871 4073 986 4154 rebus
1006 4074 1066 4167 sit,
1091 4100 1161 4152 nos
1187 4100 1315 4181 quam

156 4179 332 4291 primum
353 4187 536 4266 certiores
557 4184 686 4267 faciat.

244 4333 312 4411 W
298 4329 561 4438 stmonasterto
602 4334 704 4413 Dat.
728 4331 819 4413 Feb.
837 4357 877 4434 4.
906 4332 1025 4436 1649.
