2956 4980
317 209 553 340 Scriptum
578 214 723 304 Dom.
753 212 1042 306 Protedtoris.
1179 253 1257 336 359

102 381 218 486 regiae
245 381 367 462 claffis
402 384 627 489 argentariae
660 382 899 476 triremibus,
935 412 1029 464 cum
1061 413 1254 495 magnum

100 492 279 571 militum
299 521 513 574 numerum
533 497 573 573 in
597 515 737 573 terram
759 496 1031 603 exposuillent,
1053 499 1171 578 totius
1191 499 1252 578 in-

100 602 189 681 sulae
208 609 544 714 expugnationem
564 607 732 715 polliciti
753 608 821 685 fibi
843 608 943 702 sunt,
970 606 1122 700 verbm,
1143 607 1248 692 haud

99 743 221 822 parvo
237 739 399 826 accepto
415 720 684 812 incommodo,
701 720 841 827 repulsi
854 718 984 799 denub
1001 721 1247 803 recefferunt.

99 826 237 907 Altera
257 849 389 909 tamen
409 831 521 911 claffe
546 832 730 911 instrusta
753 831 872 939 paulb
891 833 977 940 post
998 829 1092 912 clun
1120 863 1249 913 rever-

99 939 242 1034 tissent,
269 943 401 1021 coloni
428 944 588 1022 diffidiis
620 942 850 1036 laborantes,
880 972 958 1024 non
989 965 1070 1025 tam
1102 972 1179 1053 qua
1213 946 1248 1026 se

98 1053 249 1132 ratione
260 1053 529 1148 defenderent,
544 1083 665 1162 quam
681 1055 824 1166 quibus
836 1056 1125 1136 conditionibus
1136 1086 1249 1138 com·

98 1164 321 1246 modiffime
341 1166 377 1247 se
397 1169 598 1261 dederent,
622 1171 858 1275 cogitarunt,
883 1197 994 1277 quas,
1020 1169 1158 1248 tradita
1177 1173 1247 1250 de·

98 1304 214 1356 mum
233 1278 370 1374 insula,
397 1279 510 1360 facilb
534 1282 855 1388 impetraverunt.
915 1283 990 1360 Sed
1020 1280 1142 1360 insula
1171 1281 1247 1363 hoc

98 1389 219 1468 modo
239 1409 280 1469 et
298 1392 448 1472 colonis
467 1412 599 1500 erepta
618 1393 686 1484 est,
712 1411 751 1471 et
775 1392 1013 1501 reipublicae,
1037 1393 1115 1471 illis
1135 1398 1245 1474 octo-

96 1502 208 1606 ginta
232 1504 403 1611 amplius
432 1506 607 1584 millium
633 1505 821 1583 librarum
847 1504 991 1584 damno
1014 1504 1120 1598 dato,
1150 1503 1245 1585 huic

96 1613 333 1694 detrimento
353 1635 392 1695 et
412 1617 631 1723 ignominia
651 1615 809 1725 publica
829 1616 944 1695 fimul
962 1636 1133 1723 accepta.
1184 1619 1245 1697 Ita

95 1724 136 1801 in
170 1727 420 1836 Hffpanorum
448 1728 681 1837 potestatem
707 1756 801 1807 cum
825 1727 916 1808 effer
942 1728 1108 1820 redacta,
1140 1730 1246 1808 navis

95 1838 290 1943 quaedam,
314 1868 401 1948 quae
429 1845 602 1920 vectores
631 1842 782 1949 aliquot
811 1838 858 1918 ab
887 1842 1003 1919 Nova
1027 1839 1174 1945 Anglia
1202 1842 1244 1919 in

95 1975 185 2027 eam
208 1949 376 2030 insulam
402 1951 716 2060 transmigrantes
740 1951 961 2046 advexerat,
992 1951 1093 2030 intra
1121 1953 1245 2032 idlum

94 2059 402 2143 bombardarum
431 2063 570 2145 callide
600 2065 786 2172 perducta
815 2061 871 2141 est
892 2062 1113 2169 (ignorabat
1137 2066 1246 2143 enim

94 2198 183 2251 eam
207 2174 372 2254 insulam
396 2177 438 2254 in
462 2175 713 2284 Hstanorum
738 2175 926 2282 potestate
946 2175 1030 2280 jam
1056 2175 1147 2276 effe)
1175 2203 1246 2255 nec

95 2282 173 2362 fine
190 2313 407 2394 permagno
421 2289 644 2368 discrimine
663 2317 707 2366 ac
727 2286 957 2365 difficultate
973 2285 1009 2364 se
1024 2287 1244 2379 extricavit,

91 2396 228 2475 amiffo
251 2399 370 2478 etiam
395 2402 502 2479 navis
524 2399 725 2505 magistro,
750 2401 834 2477 viro
853 2397 1095 2505 probiffimo,
1121 2425 1242 2505 quem

94 2506 194 2587 icius
214 2513 401 2589 tormenti
421 2511 468 2590 ab
490 2511 611 2590 insula
630 2510 782 2619 displosr
802 2508 1130 2589 transverberavit.

151 2620 195 2698 N
197 2648 242 2699 ec
261 2626 436 2703 contenti
457 2626 557 2702 intra
577 2623 673 2702 fines
688 2621 929 2701 Americanos
949 2619 1152 2699 hostilitati
1172 2619 1245 2701 suae
1268 2684 1272 2691 .

93 2729 133 2807 in
156 2731 260 2812 illius
283 2735 444 2814 coloniae
468 2736 589 2814 socios
616 2738 782 2815 modum
810 2733 972 2812 statuere
999 2731 1174 2841 Hffpani,
1201 2735 1241 2811 in

91 2837 154 2922 his
182 2845 304 2924 etiam
325 2847 501 2955 partibus
522 2850 685 2955 Europae
708 2844 873 2924 eandem
897 2845 939 2922 in
962 2872 1028 2923 eos
1051 2872 1240 2923 exercue-

91 2972 207 3033 runt:
229 2984 331 3036 anno
351 2960 459 3037 enim
481 2958 584 3064 1638
607 2956 825 3038 Decembris
847 2981 868 3034 2
875 2982 914 3062 ς,
936 2956 1042 3033 navis
1060 2954 1240 3062 quaedam

89 3065 264 3169 ejusdem
284 3068 488 3164 societatis,
508 3067 763 3150 Providentia
783 3069 942 3147 nomine
963 3065 1156 3172 insignita,
1172 3070 1238 3146 cui

92 3173 248 3258 {Thomas
268 3183 453 3261 Newman
473 3180 674 3290 praefectus
693 3200 775 3260 erat
797 3208 819 3259 a
839 3178 1108 3288 promontorio
1129 3179 1237 3257 Den-
1266 3194 1269 3200 “

84 3288 261 3396 gioleucis
283 3293 433 3373 duabus
464 3296 503 3373 in
529 3294 608 3402 ipsa
643 3292 798 3399 Angliae
828 3320 896 3371 ora
922 3320 943 3369 a
976 3288 1237 3398 Sprengfeldio

89 3400 356 3485 Dunkirkanae
391 3407 501 3485 navis
533 3405 765 3513 praedatoriae
793 3400 975 3512 praefecto
1009 3421 1236 3509 oppugnata

86 3530 206 3619 atque
234 3535 348 3623 capta
378 3516 457 3611 est;
496 3516 738 3597 Dunkirkam
767 3515 907 3594 deinde
937 3512 1126 3605 adducta;
1166 3514 1234 3593 ubi

86 3626 194 3705 navis
214 3653 331 3706 onera
350 3647 499 3708 retenta
518 3628 627 3721 sunt;
652 3629 755 3733 (quae
775 3627 992 3704 multorum
1012 3625 1131 3702 etiam
1152 3624 1234 3704 illic

81 3734 338 3818 aestimatione
353 3741 513 3847 triginta
528 3739 703 3817 millium
719 3736 908 3817 librarum
929 3736 1123 3814 summam
1138 3763 1233 3813 con-

85 3843 203 3927 ficere
231 3850 570 3956 existimabantur)
596 3849 807 3955 Anglorutn
834 3869 966 3927 autem
990 3846 1134 3953 partim
1164 3873 1233 3925 oc·

84 3959 167 4052 cili,
194 3965 338 4068 partim
356 3964 563 4055 vulnerati,
588 3962 715 4041 caeteri
740 3959 947 4067 postquam
970 3957 1010 4034 in
1035 3955 1115 4062 ipsa
1142 3959 1233 4035 navi

84 4068 152 4150 sua
163 4069 324 4152 barbare
336 4093 452 4183 atque
467 4071 683 4152 inhumane
698 4070 817 4149 ellent
834 4068 972 4160 habiti,
990 4067 1232 4148 Dunkirkam

82 4180 237 4292 abrepti
267 4184 376 4266 haud
409 4187 549 4265 melius
581 4184 731 4290 accepti
758 4181 859 4274 sunt,
885 4181 1010 4259 donec
1038 4182 1232 4259 rationem

81 4295 258 4402 aliquam
279 4297 516 4407 profugendi
536 4293 778 4375 invenillent.
831 4294 884 4370 Et
902 4291 1083 4398 quamvis
1100 4289 1231 4398 supra·
1281 4386 1290 4395 ‚

80 4407 178 4487 dicti
199 4408 291 4488 socii
308 4408 609 4489 satisfadlionem
625 4405 808 4486 omnibus
821 4403 949 4482 modis
970 4400 1231 4510 postulallent,
