2956 4980
292 238 457 343 Literae
483 239 677 339 Oliverii
704 244 995 341 Proteiloris.
1141 256 1221 361 289

62 413 268 512 hastenus,
298 446 427 529 neque
451 448 524 531 pro
549 419 616 501 suo
635 422 741 528 jure,
772 450 901 531 neque
934 423 1056 503 literis
1090 422 1220 502 Caroli

62 529 163 608 olim
178 532 303 638 Regis
322 534 462 613 eadem
482 535 530 613 de
551 560 591 613 re
612 532 761 644 scriptis
780 534 910 613 ullum
930 535 1110 614 laborum
1129 533 1219 613 suo-

61 668 154 721 rum
173 669 220 722 ac
239 643 471 753 sumptuum
485 673 536 724 ex
550 673 596 724 ea
612 645 798 726 sententia
815 645 992 725 frustum
1009 645 1214 753 consequi:

61 751 192 834 obesse
211 755 284 835 fibi
302 756 448 837 scilicet
471 758 690 868 potentiam
716 777 832 867 atque
852 786 946 867 opes
965 757 1124 838 Alberti
1138 785 1216 838 van

61 866 189 947 Eizen
207 869 432 949 Decurionis
449 870 555 979 apud
573 897 641 950 vos
660 871 852 978 primarii,
877 870 982 979 apud
1000 896 1122 978 quem
1141 867 1215 949 bo·

61 1005 209 1091 norum
228 1008 317 1089 pars
336 981 512 1061 maxima
529 981 702 1090 deposita
721 981 799 1076 est3
821 1009 915 1061 eum
934 1009 1049 1090 agere
1064 983 1212 1076 omnia,

61 1117 112 1170 ne
130 1119 178 1170 ea
197 1091 300 1173 bona
318 1091 535 1174 haeredibus
556 1092 816 1176 restituantur.
870 1094 992 1188 Elusr,
1018 1122 1064 1174 ac
1082 1094 1214 1174 dilati-

59 1204 203 1283 onibus
218 1203 403 1299 consesti,
418 1205 613 1284 summam
627 1206 797 1313 denique
813 1206 861 1284 ad
877 1206 1053 1314 inopiam
1068 1208 1213 1287 redaiii

59 1314 282 1425 supplicant
302 1317 414 1397 nobis
434 1345 483 1397 ne
503 1318 540 1396 se
560 1317 807 1424 negligamus
827 1319 942 1398 tantis
966 1318 1116 1424 injuriis
1136 1316 1211 1397 soe-

58 1427 195 1507 (lereti
219 1429 262 1507 in
286 1430 444 1510 civitate
468 1428 679 1539 oppressos.
741 1429 864 1621 Offwd
882 1457 953 1509 nos
972 1457 1066 1509 cum
1089 1430 1212 1508 officii

58 1539 261 1650 imprimis
294 1541 415 1621 nostri
449 1541 716 1648 intelligamus
745 1569 766 1620 e
797 1571 833 1635 e,
869 1560 914 1620 ut
947 1543 1086 1650 nequis
1115 1543 1210 1621 civis

59 1654 193 1732 noster
209 1653 429 1762 praesrdium
448 1652 523 1733 suis
542 1653 672 1747 rebus,
696 1671 812 1762 atque
832 1652 1052 1763 susceptum
1076 1673 1210 1762 patro-

57 1765 214 1844 cinium
240 1767 283 1844 in
312 1765 425 1846 nobis
453 1767 638 1874 requirat,
668 1769 839 1874 petimus
865 1766 973 1873 quod
1002 1794 1024 1844 a
1054 1765 1211 1845 civitate

59 1878 186 1958 vestra
197 1878 400 1958 videamur
419 1876 535 1958 facile
552 1879 761 1987 impetrare
782 1876 901 1988 polle,
918 1897 962 1957 ut
981 1876 1211 1957 sententiam

59 1990 220 2099 ipsimet
249 1990 416 2070 vestram
446 1989 551 2070 hisce
582 1989 764 2071 fratribus
796 2008 920 2069 ratam
953 1989 1027 2068 effe
1058 1990 1209 2084 velitis;

60 2128 192 2211 neque
198 2102 723 2213 percausamprovocationis
735 2103 781 2181 ad
790 2100 991 2212 Spirerfim
1000 2104 1208 2194 Camer'am,

59 2216 123 2294 vel
151 2213 283 2324 primis
307 2215 493 2295 fimulatae
514 2215 577 2294 vel
599 2241 704 2293 nunc
727 2214 857 2308 irritae,
880 2242 1035 2294 moram
1052 2214 1211 2319 justitiae

56 2324 145 2406 fieri
157 2324 306 2408 diutius
322 2327 542 2437 patiamini.
603 2328 714 2407 Nam
727 2327 776 2405 de
791 2326 943 2405 summa
959 2325 1076 2435 ipfius
1089 2326 1209 2404 causae

48 2439 369 2549 jurisperitorum
408 2439 627 2519 nostrorum
671 2438 875 2518 sententias
913 2437 1208 2545 requifivimus;

55 2579 214 2660 unaque
253 2552 462 2661 descriptas
500 2550 792 2659 obfignatasque
822 2550 871 2630 ad
909 2577 976 2630 vos
1016 2551 1207 2630 misimus.

58 2664 185 2776 Qod
204 2665 233 2745 fi
253 2664 426 2772 rogando
447 2659 547 2743 nihil
565 2663 782 2772 proficitur,
808 2662 882 2741 erit
902 2661 1123 2756 necessario,
1150 2664 1210 2741 id-

56 2805 138 2886 que
157 2805 209 2856 ex
229 2778 412 2857 consueto
422 2817 424 2820 ·
426 2775 515 2881 jure
535 2776 731 2883 gentium,
752 2775 858 2883 quod
888 2794 1018 2854 tamen
1043 2773 1209 2854 minime

54 2890 264 2983 vellemus,
285 2891 333 2969 ad
350 2889 548 2996 reciproca
568 2886 882 2967 deveniendum:
914 2887 955 2965 id
975 2912 1023 2964 ne
1043 2887 1208 2979 accidat,

54 3031 127 3085 vos
147 3030 220 3111 pro
235 3001 358 3081 vestra
377 2999 584 3111 prudentia
602 2999 820 3110 provisuros
840 2997 913 3079 esse
931 2997 1179 3077 confidimus.

114 3118 181 3196 Ex
200 3114 355 3193 Palatio
373 3111 488 3221 nostro
509 3114 566 3191 W
560 3111 822 3222 ssmonasterii.

200 3227 279 3306 Die
297 3225 427 3306 0ᾶού.
449 3225 587 3307 16.an.
611 3225 657 3303 16
663 3225 729 3329 56.

272 3337 601 3447 Amplitudinum
617 3334 829 3415 vestrarum
846 3333 1150 3425 studiofiffimus,

442 3448 647 3543 Oliverius,
665 3450 773 3528 Prot.
797 3448 917 3556 Reip.
937 3447 1108 3555 Angliae,
1129 3447 1206 3526 διε.

56 3741 259 3822 Oliverius
275 3741 470 3821 Proteelor
482 3736 637 3848 Reipub.
650 3736 818 3844 Angliae,
841 3734 1060 3842 Serenfflmo
1078 3764 1125 3815 ac
1137 3752 1208 3843 po·

140 3851 328 3958 tentfflmo
343 3851 522 3961 Principi
531 3851 735 3931 Ludovico
751 3848 888 3929 Gallice
900 3847 1011 3956 Regi,
1033 3849 1074 3927 S.
1089 3848 1148 3928 D.

53 4001 303 4084 Sereniffime
324 4000 664 4110 potentissimeque
686 4001 790 4092 Rex,
811 3997 955 4078 Amice
1010 4014 1021 4027 ‘

238 4142 284 4195 ac
304 4115 337 4194 F
338 4115 507 4194 oederate
527 4111 770 4207 chariffime3

56 4238 341 4431 PErveniffe
367 4238 417 4318 ad
437 4237 687 4343 Majestatem
713 4233 880 4315 vestram
905 4232 1035 4313 literas
1060 4231 1206 4311 nostras

169 4350 420 4445 arbitramur,
449 4349 556 4431 Maii
574 4365 709 4460 quarto
733 4347 864 4428 decimo
886 4345 1092 4455 superioris
1114 4343 1207 4422 anni

49 4462 187 4544 datas:
221 4464 262 4544 in
295 4462 439 4574 quibus
471 4462 657 4570 Joannem
685 4458 903 4551 Dethicum,
935 4458 1077 4538 eodem
1102 4481 1206 4534 anno

113 4601 136 4683 5
613 4600 639 4653 U
