2956 4980
160 267 244 345 204
394 230 557 325 Literae
586 233 778 325 Senatus
803 224 1076 359 Anglicani.

158 432 262 498 mus,
284 421 323 483 et
342 431 413 513 per
432 403 626 511 legimus:
658 421 698 483 et
717 422 891 483 veterem
910 403 1076 513 quidem
1095 403 1293 484 amicitiam

158 542 330 596 necnon
350 518 638 596 commercium
656 543 926 624 magnumque
947 516 1062 597 usum
1082 518 1156 625 qui
1174 516 1292 625 Anglis

158 655 253 708 curn
274 630 472 708 Suecorum
491 648 608 735 gente
628 623 844 736 antiquitirs
864 629 1072 709 intercedit
1083 654 1289 739 permanere

159 758 276 849 atque
293 740 416 819 indies
437 767 579 847 augere
604 738 859 820 vehementer
878 758 996 849 atque
1015 768 1067 821 ex
1085 741 1219 822 animo
1234 768 1288 820 cu·

160 854 317 963 pimus:
350 853 496 960 Neque
517 852 743 932 dubitamus
759 852 858 962 quin
873 854 1046 961 Legatus
1065 849 1089 932 ὲ
1106 851 1287 959 Majestate

159 964 283 1044 vestra
301 963 486 1072 ampliter
504 963 711 1044 instructus
725 965 875 1043 venerit
894 965 943 1045 ad
962 992 1007 1044 ea
1022 964 1199 1046 maxime
1216 990 1288 1074 pro·

159 1075 340 1186 ponenda
355 1103 442 1183 quae
458 1076 498 1153 in
511 1104 594 1155 rem
611 1094 727 1185 atque
741 1075 859 1156 decus
873 1076 997 1156 Genti
1009 1076 1169 1187 utrique
1180 1075 1288 1157 futura

160 1187 357 1296 imprimis
369 1186 539 1281 fuissent,
552 1216 716 1297 quaeque
729 1215 799 1268 nos
812 1188 947 1268 audire
959 1216 1071 1269 exeo
1083 1182 1290 1298 paratissimi

160 1299 360 1380 fuissemus
377 1318 416 1379 et
434 1300 541 1407 quod
561 1301 747 1409 utrinque
767 1300 1010 1409 potissimum
1027 1301 1178 1382 salubre
1192 1319 1290 1409 atque

161 1410 258 1493 utile
283 1411 491 1505 videretur,
511 1411 551 1490 id
575 1414 705 1521 primo
732 1439 892 1520 quoque
916 1431 1097 1519 tempore
1123 1413 1294 1493 effectum
1350 1488 1352 1505 ,

142 1523 380 1603 reddidisse.
408 1520 562 1604 Verum
576 1523 731 1603 summo
747 1551 879 1603 rerum
890 1524 1138 1605 Moderatori
1151 1528 1240 1608 Deo
1251 1524 1297 1604 ita

163 1636 290 1717 visum
302 1635 373 1728 est,
393 1653 439 1716 ut
454 1636 486 1715 is
502 1654 714 1744 antequam
728 1636 853 1715 audiri
869 1635 906 1716 se
918 1634 1087 1745 petiisset
1101 1637 1151 1717 de
1167 1638 1215 1718 iis
1227 1662 1299 1745 qua

161 1749 405 1829 Parlamento
428 1747 661 1856 exponenda
683 1746 733 1827 ab
757 1746 964 1853 Majestate
982 1748 1107 1828 vestra
1129 1751 1173 1829 in
1199 1774 1302 1830 man·

160 1860 260 1939 datis
279 1856 462 1954 habebat,
484 1862 615 1940 evenit
633 1876 678 1939 ut
697 1886 749 1939 ex
767 1857 841 1939 hac
856 1861 937 1939 vita
959 1860 1170 1941 excederet
1186 1862 1304 1969 (cujus

158 1971 323 2079 quidem
343 1970 577 2051 desiderium
597 1972 651 2051 ita
667 1969 768 2080 aegrb
784 1989 902 2080 atque
918 1971 1056 2053 acerbe
1073 1973 1255 2068 tulimus,
1266 1989 1306 2053 ut

75 2107 82 2122 ·
158 2084 231 2192 qui
250 2083 365 2163 simul
385 2084 425 2163 in
445 2083 576 2163 divina
593 2083 794 2163 voluntate
815 2083 1057 2192 acquiescere
1080 2084 1306 2192 debeamus)

159 2195 264 2275 unde
283 2214 324 2275 et
342 2194 559 2301 Majestatis
574 2195 707 2275 vestrae
726 2224 813 2304 quae
830 2223 941 2276 mens
960 2196 1053 2277 esset
1069 2196 1202 2278 adhuc
1220 2197 1310 2278 scire

160 2335 417 2415 nequeamus,
431 2307 588 2417 ejusque
602 2308 658 2387 rei
669 2307 931 2418 progreffibus
943 2310 984 2387 in
996 2307 1158 2419 praesens
1173 2311 1312 2417 injecta

160 2449 270 2500 mora
295 2421 364 2500 fit:
396 2417 595 2528 roircit
616 2422 818 2529 optimum
840 2421 952 2501 nobis
978 2420 1106 2501 visum
1128 2422 1188 2502 est
1208 2420 1312 2503 hisce

160 2532 283 2611 literis
303 2560 413 2640 quas,
434 2531 546 2612 misso
566 2530 641 2610 hac
663 2532 743 2641 ipsa
762 2532 867 2612 dere
883 2532 1022 2612 nuntio
1038 2534 1185 2628 nostro,
1202 2534 1314 2614 dedi·

159 2670 263 2736 mus,
285 2644 500 2751 fignificare
520 2644 650 2723 vestrae
669 2645 869 2752 Majestati
887 2673 1008 2753 quam
1028 2664 1147 2752 gratae
1170 2647 1314 2726 Literae

159 2756 310 2862 vestrae,
327 2782 528 2864 quamque
552 2775 733 2864 acceptus
764 2758 889 2837 vester
914 2756 1097 2868 publicus
1123 2758 1315 2838 Minister

160 2860 402 2949 Parlamento
423 2868 581 2977 seipas
604 2869 761 2977 Angliae
787 2867 929 2963 fuerit3
960 2869 1154 2977 simulque
1179 2870 1315 2953 vestrae

160 2980 378 3088 Majestatis
390 2982 606 3062 amicitiam
618 2979 859 3088 quantopere
872 2986 1147 3090 expectamus3
1167 2978 1316 3091 quirn-

159 3120 236 3200 que
256 3095 391 3188 etiam,
412 3113 457 3173 ut
474 3120 544 3202 par
563 3091 633 3186 est,
650 3111 765 3171 tantae
780 3093 968 3201 principis
984 3093 1205 3173 amicitiam
1221 3095 1315 3204 plu-

160 3206 254 3284 rimi
273 3204 488 3285 faciemus:
519 3206 647 3313 deque
660 3204 729 3284 illo
746 3205 853 3313 quod
870 3206 972 3284 inter
986 3203 1088 3285 hanc
1105 3205 1313 3315 Rempub.

159 3336 200 3396 et
226 3317 442 3423 Majestatis
463 3316 593 3397 vestrae
620 3318 810 3425 Regnum
837 3315 894 3395 est
918 3319 1162 3397 commercio
1189 3346 1314 3399 exau·

157 3429 301 3536 gendo,
320 3431 373 3509 ita
388 3428 700 3510 existimabimus
719 3428 1058 3537 quemadmodum
1073 3429 1182 3510 dere
1198 3459 1314 3512 max·

158 3541 231 3620 imi
255 3541 463 3649 utrobique
489 3542 684 3620 momenti
708 3540 931 3621 existimare
956 3541 1173 3622 debemus:
1204 3543 1313 3652 quod

157 3671 198 3733 et
217 3682 261 3733 ea
280 3654 329 3733 de
349 3653 460 3734 causa
482 3654 721 3734 Parlamento
738 3653 896 3763 Reipub.
918 3654 1075 3761 Angliae
1092 3655 1313 3765 acceptiffi·

158 3794 273 3846 mum
293 3767 383 3846 erit.
442 3763 635 3874 Adeoque
655 3765 813 3874 vestram
833 3763 1070 3875 Majestatem
1089 3765 1235 3847 divinae
1250 3786 1315 3848 tu·

158 3879 244 3959 telae
275 3879 595 3960 recommendare
621 3878 827 3958 volumus:
867 3883 1054 3991 Qorum
1085 3878 1250 3959 nomine
1275 3898 1315 3958 et

157 3989 407 4073 authoritate.

242 4103 363 4184 Datis
384 4100 689 4209 Wrstmonasserio
707 4100 764 4181 die
783 4101 933 4181 Martis
950 4132 1039 4183 ann.
1054 4102 1169 4182 Dom.
1191 4104 1240 4183 16
1246 4130 1314 4210 51.

325 4213 553 4323 Subscripsit
566 4232 606 4293 et
622 4212 859 4294 Parlamenti
873 4213 1058 4323 Sigillum
1071 4214 1313 4324 imprimen-

647 4325 745 4405 dum
762 4326 914 4406 curavit

458 4439 679 4518 Prolocutor
699 4437 938 4519 Parlamenti
953 4437 1112 4547 Remus.
1137 4438 1311 4549 Anglt'ae.
