2956 4980
260 241 342 343 418
559 219 852 320 Prolusrones
879 224 1117 320 Oratoriae.

263 399 436 507 praebent
458 399 496 478 se
523 398 619 492 Soli,
648 417 688 478 et
710 402 825 480 tacite
849 415 988 505 rogant
1014 414 1059 475 ut
1084 396 1158 476 suis
1182 392 1326 475 osculis
1346 389 1412 469 ab·

264 510 406 617 stergat
444 512 712 618 Lacrymulas,
748 538 843 618 quas
877 511 959 616 ejus
997 507 1175 588 absenriae
1213 507 1414 587 dederant.

267 621 353 732 Ipsa
373 650 532 731 quoque
544 624 683 702 Tellus
703 624 743 701 in
762 623 974 701 adventum
996 621 1095 700 Solis
1115 619 1276 700 cultiori
1296 616 1335 695 se
1357 617 1416 693 in·

265 733 352 812 duit
370 735 527 828 vestitu,
541 734 738 842 nubesque
752 735 868 840 juxta
886 732 1001 812 variis
1016 730 1289 838 Chlamydatae
1308 727 1417 807 colo-

267 845 388 939 ribus,
428 847 573 955 pompd
612 845 774 939 solenni,
817 847 1015 952 longoque
1058 844 1195 922 ordine
1234 842 1419 920 videntur

267 957 443 1036 ancillari
458 957 629 1064 surgenti
641 960 746 1038 Deo.
807 959 871 1036 Ad
888 956 1097 1050 summam,
1113 950 1419 1062 nequiddeesset

268 1069 315 1147 ad
341 1068 422 1174 ejus
446 1069 659 1148 dilatandas
685 1069 832 1162 laudes,
862 1067 957 1147 huic
978 1066 1120 1173 Persae,
1152 1065 1247 1145 huic
1268 1062 1417 1172 Libyes,

267 1180 420 1259 divinos
440 1182 625 1260 Honores
646 1180 873 1275 decrevere3
906 1177 1121 1286 Rhodierfis
1144 1178 1293 1287 pariter
1316 1174 1419 1255 cele-

268 1289 488 1372 berrimum
517 1293 633 1373 illum
660 1293 856 1402 stupendae
886 1290 1169 1398 magnitudinis
1198 1287 1418 1378 Colossum,

270 1402 445 1483 Charetis
460 1404 601 1511 Lyna'ii
612 1406 714 1484 miro
734 1407 958 1483 extrudum
977 1401 1157 1495 artificio,
1177 1399 1275 1480 huic
1292 1399 1417 1479 sacrd-

268 1533 382 1610 runt;
414 1514 508 1595 huic
538 1517 676 1596 itidem
705 1515 822 1595 hodie
845 1515 1111 1595 Occidentalis
1132 1511 1252 1593 Indiae
1274 1508 1420 1620 Populi

269 1624 385 1706 thure
399 1647 615 1737 caeteroque
627 1647 813 1737 apparatu
828 1625 1038 1706 sacrificare
1050 1627 1291 1734 accepimus.
1336 1624 1418 1702 Vos

268 1738 399 1831 testor,
421 1740 666 1832 Academici,
690 1767 812 1846 quam
828 1739 1067 1845 jucundum,
1090 1766 1213 1847 quam
1235 1754 1419 1844 optatum

269 1849 416 1956 diuque
428 1855 678 1960 expectatum
692 1850 801 1930 vobis
815 1850 1010 1931 illucescat
1025 1845 1420 1956 mane,utpotequod

269 1987 338 2039 vos
358 1960 405 2039 ad
426 1962 702 2042 mansuetiores
723 1960 858 2042 Musas
878 1982 1047 2056 revocet,
1068 1958 1253 2069 aquibus
1274 1959 1421 2038 insatu-

155 2124 158 2133 ι
271 2069 468 2152 rabiles'et
492 2072 704 2153 sitibundos
729 2073 927 2153 dimiserat
950 2076 1101 2182 ingrata
1123 2101 1218 2164 nox.
1278 2070 1422 2150 Testor

272 2183 415 2263 ultimo
429 2186 635 2266 Saturnum
649 2185 763 2265 Coelo
783 2185 1035 2266 deturbatum
1048 2188 1089 2264 in
1101 2186 1282 2277 Tartara,
1298 2209 1423 2290 quam

271 2294 410 2376 lubens
433 2297 566 2392 vellet,
595 2297 622 2378 s1
647 2299 767 2377 modo
791 2325 861 2406 per
880 2297 1018 2405 Jouem
1045 2299 1194 2389 liceret,
1219 2295 1268 2375 ab
1297 2295 1423 2374 exosis

271 2407 440 2487 tenebris
459 2410 508 2488 ad
526 2437 635 2488 auras
656 2410 820 2503 reverti;
843 2409 964 2515 Qud
979 2411 1144 2489 demum
1161 2411 1252 2487 Lux
1265 2407 1328 2486 vel
1350 2407 1422 2515 ipsi

274 2519 432 2599 Plutoni
457 2519 523 2599 sud
547 2521 716 2628 caligine
744 2521 861 2629 longe
886 2522 932 2600 fit
954 2522 1098 2631 potior,
1124 2521 1165 2600 id
1188 2521 1356 2626 quidem
1382 2518 1424 2597 in

270 2629 441 2709 confefl'o
460 2631 530 2724 est,
543 2633 700 2739 quando
716 2633 869 2712 coeleste
888 2659 1053 2739 regnum
1076 2634 1189 2712 toties
1209 2631 1424 2724 affestavit,

272 2744 375 2821 unde
392 2741 483 2822 scite
497 2762 537 2823 et
552 2744 744 2823 verissime
755 2747 978 2855 Orpheussin
993 2743 1142 2852 hymno
1155 2744 1203 2823 ad
1211 2747 1422 2823 Auroram.

346 2900 399 2980 “H
418 2898 531 3007 χαίρει
552 2901 672 2997 saurais
690 2897 842 3010 μερᾶπων
861 2898 954 3004 uiroc
974 2898 1045 2984 aridi
1064 2940 1116 2995 τις
1135 2900 1244 2996 ἐστὶν,

355 3012 420 3104 ‘Or
439 3010 552 3116 φεύγει
574 3012 631 3108 raia
650 3011 709 3109 criu
722 3010 800 3116 islo
820 3009 1073 3122 uaduniprrpov,
1094 3013 1196 3097 uiuat

356 3124 494 3217 Ἠνίκα,
516 3122 571 3206 riv
591 3124 721 3227 γλῦκυν
740 3121 839 3207 ὕπνον
857 3123 932 3208 vind
950 3124 1131 3233 βλεφάρων
1149 3123 1355 3221 inarescere.

358 3236 438 3328 Ποῖς
456 3231 492 3316 di
511 3238 538 3330 β
558 3237 631 3329 orde
645 3235 754 3340 γήθει,
774 3239 845 3319 πᾶν
866 3235 1015 3343 ἔρπετὸν,
1036 3237 1174 3320 danosve
1195 3237 1292 3336 φῦλα

359 3277 587 3452 Terpandduv
607 3349 794 3444 πτηνῶντε,
815 3346 876 3430 καὶ
897 3348 1049 3432 iuvenior
1069 3351 1265 3434 πολυεθνῶν.

276 3520 367 3598 Nec
398 3519 548 3598 mirum
572 3521 710 3627 utique
734 3548 827 3601 curn
852 3523 950 3601 Dies
977 3549 1055 3603 non
1083 3523 1214 3602 minus
1243 3522 1426 3603 utilitatis

276 3628 423 3708 adserat
443 3658 563 3737 quam
583 3630 864 3725 delectationis,
888 3653 928 3713 et
947 3632 1025 3714 sola
1045 3636 1211 3742 negotiis
1230 3635 1426 3715 obeundis

275 3742 571 3823 accommodata
591 3741 657 3836 s1t;
688 3744 776 3850 quis
796 3747 905 3824 enirn
935 3746 1161 3826 mortalium
1186 3746 1262 3824 lata
1285 3763 1328 3824 et
1347 3747 1425 3826 im-

277 3853 407 3933 mensa
427 3857 549 3934 maria
570 3853 745 3960 trajicere
765 3855 1021 3951 sustineret,s1
1040 3857 1259 3966 desperaret
1274 3856 1427 3936 affutu-

276 3993 367 4045 rum
399 3966 529 4061 diem;
560 3967 688 4046 immo
713 3995 792 4047 non
824 3969 936 4049 aliter
962 3972 1172 4049 Oceanum
1197 3968 1427 4074 navigarent

277 4079 1220 4186 quamLethenetAclrerontemManes,horrendis
1232 4081 1427 4160 nimirum

277 4190 529 4297 undiquaque
554 4189 722 4270 tenebris
745 4192 872 4272 obsrti.
932 4191 1209 4301 Unusquisque
1235 4191 1358 4271 etiam
1386 4194 1427 4271 in

277 4301 345 4381 suo
361 4301 397 4379 se
413 4304 631 4381 contineret
644 4305 862 4410 gurgusti0,
877 4302 982 4384 haud
999 4332 1177 4413 unquam
1196 4301 1307 4383 ausus
1324 4301 1427 4383 soras

276 4440 505 4521 prorepere;
533 4414 630 4493 adeo
656 4436 701 4494 ut
721 4415 868 4494 neceffe
888 4415 980 4496 effet
999 4416 1113 4497 dissui
1134 4416 1262 4497 statim
1281 4412 1428 4496 huma-
