2956 4980
407 239 698 338 Prolufiones
726 247 962 340 Oratoriae.
1176 286 1256 368 417

102 420 264 526 gorgoni
271 447 470 526 equaevam
483 421 649 498 velimus
662 446 866 527 perperam
882 421 1096 499 nominare.
1140 422 1255 500 ldeo-

106 557 185 635 que
206 532 330 611 Diem
355 531 478 611 Urani
494 531 615 610 filiam
638 549 728 609 natu
751 534 967 610 maximam
992 533 1170 626 arbitror,
1193 535 1255 613 vel

107 640 179 719 filii
204 644 336 751 potius
360 644 520 735 dixeris,
553 671 673 751 quem
703 643 767 721 ille
796 645 835 721 in
863 643 1042 723 solatium
1075 641 1255 724 humanae

104 756 233 857 gentis
260 772 299 832 et
330 772 518 833 terrorem
548 753 806 852 Infernalium
832 757 1013 835 Deorum
1041 757 1252 863 procreasse

103 863 272 960 dicitur;
295 893 342 943 ne
360 865 519 959 scilicet,
533 885 749 974 occupante
762 867 1005 972 tyrannidem
1023 871 1149 958 noste,
1164 868 1252 946 nul-

105 974 222 1082 loque
235 978 484 1056 interTerras
497 981 703 1057 etTartara
719 977 941 1058 discrimine
958 979 1096 1086 posrt0,
1111 979 1252 1059 Manes

104 1107 144 1165 et
158 1089 191 1166 F
193 1091 284 1167 uriae
300 1107 417 1196 atque
434 1117 551 1168 omne
568 1089 666 1168 illud
679 1086 825 1168 infame
840 1090 1112 1169 Monstrorum
1129 1118 1252 1198 genus

104 1200 152 1275 ad
167 1219 284 1279 terras
301 1201 435 1308 usque,
452 1201 598 1281 desertal
611 1201 803 1280 Barathri
813 1199 912 1293 sede,
927 1202 964 1280 se
983 1222 1250 1311 proreperent,

103 1312 322 1420 misellique
346 1312 526 1393 homines
554 1314 675 1392 densrs
696 1312 873 1391 obvoluti
896 1313 1058 1406 umbris,
1085 1334 1124 1393 et
1149 1343 1249 1421 qua-

101 1426 334 1529 quaversum
372 1425 528 1518 occlusa,
559 1422 832 1504 defundarum
868 1427 1088 1503 animarum
1119 1454 1251 1535 poenas

100 1536 221 1614 etiam
241 1538 321 1615 vivi
340 1539 624 1646 experirentur.
685 1537 902 1628 Hastenus
916 1537 1161 1629 Academici,
1176 1537 1248 1615 ob-

101 1645 252 1727 scuram
286 1651 409 1727 nouis
445 1649 704 1758 propaginem
738 1649 829 1726 atris
865 1667 904 1726 et
942 1647 1249 1757 profundislrmis

101 1761 275 1840 eruimus
297 1761 488 1855 tenebris;
511 1759 704 1839 habebitis
725 1760 832 1838 ilicet
849 1778 893 1838 ut
913 1760 948 1838 se
969 1761 1130 1867 dignam
1150 1788 1248 1869 ptae-

100 1869 229 1951 buerit
249 1872 460 1951 Natalibus
481 1874 571 1964 suis,
593 1871 658 1951 sed
677 1872 703 1950 fi
724 1872 831 1980 prius
851 1873 947 1952 Diei
968 1872 1147 1951 laudibus
1169 1874 1247 1952 im-

98 1982 258 2091 pensam
278 1985 454 2063 dederim
470 1985 641 2093 opellam
663 2011 807 2076 meam,
823 1985 1002 2091 quamvis
1019 2004 1058 2062 et
1077 1985 1144 2064 illa
1160 1985 1247 2064 sane

98 2097 281 2175 omnium
302 2097 549 2175 laudatorum
566 2097 846 2203 Eloquentiam
864 2115 1027 2175 anteeat.
1071 2099 1124 2175 Et
1143 2116 1248 2176 certe

97 2207 230 2314 primo
257 2235 377 2314 quam
397 2212 578 2286 omnium
599 2209 859 2286 animantium
885 2208 993 2316 stirpi
1017 2226 1125 2313 grata
1145 2209 1189 2286 fit
1209 2227 1248 2287 et

98 2317 375 2412 defiderabilis,
389 2321 483 2428 quid
504 2348 621 2429 opere
642 2318 696 2396 est
716 2318 825 2397 vobis
841 2345 1057 2426 exponere;
1078 2346 1171 2398 cum
1184 2318 1248 2397 vel
1304 2396 1309 2411 ,

97 2428 187 2538 ipsae
205 2431 381 2510 volucres
406 2449 601 2538 nequeant
628 2431 740 2508 suum
765 2429 889 2508 celare
915 2431 1120 2534 gaudium,
1150 2431 1247 2537 quin

98 2541 251 2648 egreffae
271 2543 430 2635 nidulis,
447 2543 517 2621 ubi
533 2544 708 2652 primum
729 2541 973 2634 diluculavit,
991 2561 1057 2621 aut
1071 2542 1109 2619 in
1127 2543 1248 2621 verti-

96 2651 207 2732 cibus
220 2654 421 2733 Arborum
441 2673 634 2733 concentu
655 2653 874 2732 suavislrmo
894 2652 1083 2733 deliniant
1099 2655 1246 2748 omnia,

96 2782 164 2843 aut
184 2763 331 2845 sursum
352 2765 534 2846 librantes
551 2765 601 2859 se,
620 2786 659 2844 et
674 2794 794 2873 quam
816 2763 969 2872 possunt
985 2793 1107 2875 prope
1125 2765 1246 2844 solem

95 2876 276 2971 volitent,
297 2878 473 2959 redeunti
494 2878 740 2983 gratulaturae
759 2876 852 2955 luci.
911 2878 968 2954 At
988 2878 1136 2986 primus
1155 2905 1245 2956 om-

95 2988 208 3067 nium
221 2989 493 3070 adventantem
511 2986 877 3098 Solemtriumphat
893 2988 1078 3067 insomnis
1090 2988 1244 3082 Gallus,

95 3118 135 3177 et
160 3101 267 3207 quast
293 3130 418 3210 praeco
438 3102 580 3209 quivis,
602 3129 761 3180 monere
785 3101 940 3179 videtur
960 3101 1172 3192 Homines,
1202 3118 1246 3179 ut

95 3211 252 3291 excusso
272 3212 407 3293 somno
428 3213 631 3321 prodeant,
653 3231 768 3320 atque
797 3211 955 3290 obviam
980 3211 1183 3290 effundant
1206 3212 1243 3291 se

93 3349 237 3402 novam
257 3325 463 3405 salutatum
479 3352 684 3404 auroram:
707 3324 922 3432 tripudiant
938 3324 977 3401 in
997 3325 1098 3430 agris
1111 3323 1242 3431 capel-

95 3433 154 3526 lae,
183 3454 390 3544 totumque
414 3464 537 3545 genus
560 3437 861 3544 quadrupedum
889 3435 1004 3542 gestit
1029 3454 1068 3514 et
1093 3435 1244 3514 exultat

95 3545 241 3625 laetitis.
301 3550 533 3656 Qinetiam
550 3567 590 3626 et
606 3547 741 3628 moesta
761 3546 889 3653 Clyfie
905 3566 1028 3627 totam
1045 3546 1127 3626 fere
1148 3575 1243 3627 noc-

93 3675 191 3750 tem,
204 3659 387 3738 converso
407 3661 447 3738 in
466 3661 674 3739 Orientem
692 3660 817 3752 vultu,
836 3659 1016 3739 Phoebum
1030 3660 1243 3768 praestolata

93 3766 223 3863 suum,
256 3770 340 3875 jam
375 3774 518 3851 arridet
556 3791 596 3851 et
630 3772 876 3851 adblanditur
910 3773 1242 3880 appropinquanti

93 3881 290 3962 Amatori.
352 3882 495 3966 Caltha
515 3911 672 3991 quoque
698 3903 738 3961 et
759 3881 874 3974 Rosa,
901 3910 948 3960 ne
974 3880 1074 3960 nihil
1101 3881 1243 3960 addant

92 3995 299 4072 communi
319 3995 478 4101 gaudio,
499 3997 714 4105 aperientes
731 3995 872 4084 smum,
888 3994 1041 4072 Odores
1062 3991 1146 4071 suos
1160 3993 1242 4072 Soli

93 4121 248 4184 tantum
280 4104 443 4185 servatos
464 4105 620 4214 profuse
645 4104 802 4215 spirant,
826 4104 969 4211 quibus
994 4108 1149 4184 nostem
1173 4106 1241 4183 de-

92 4212 304 4322 dignantur
317 4218 526 4325 impertiri,
543 4219 766 4298 claudentes
781 4217 815 4294 se
833 4214 1019 4295 folliculis
1032 4215 1107 4295 suis
1123 4217 1241 4294 fimu-

92 4326 225 4434 latque
264 4327 399 4438 vesper
437 4350 622 4439 appetat3
664 4329 870 4434 caeterique
905 4326 1018 4407 flores
1055 4329 1241 4406 inclinata

92 4439 273 4545 paulum,
308 4460 347 4518 et
381 4469 466 4519 rore
498 4442 726 4549 languidula
755 4442 947 4547 erigentes
978 4440 1105 4549 capita
1136 4439 1241 4547 quast

151 4578 172 4657 5
645 4581 712 4631 nn
