2956 4980
158 244 210 352 98
559 224 686 319 Artis
712 221 898 351 Logicae
1097 210 1207 311 Lib.
1242 252 1280 307 ι.

214 434 256 510 4.
287 408 326 487 Α
345 402 458 486 causa
471 420 715 513 procreante,
732 400 834 480 illam
852 416 962 479 terra
972 406 1316 506 pareus,-mater

163 519 310 599 scilicet
328 518 552 626 gigantum,
567 533 608 594 et
621 511 818 593 efficiendi
837 510 973 602 modo,
992 506 1155 587 confilio
1170 527 1318 609 nempe

164 631 240 711 five
260 631 413 740 impetu
433 627 614 721 naturali,
627 626 689 705 ira
704 625 864 705 irritata
873 620 1034 719 deorum,
1045 620 1116 728 qui
1136 618 1317 723 gigantes

164 742 412 836 occiderant3
442 738 553 821 causa
573 756 706 818 autern
729 761 937 845 procreans
960 730 1187 813 communis
1207 724 1318 806 illus-

166 874 265 935 trata
284 872 462 963 ternpore
481 850 680 957 adjunero,
699 869 739 928 et
758 846 966 928 communi
984 840 1229 935 testimonio,

223 1025 458 1214 {utremafm
479 1039 523 1101 ut
534 1018 747 1130 perhibent,
762 1019 848 1098 Caeo
866 1012 1122 1124 Enceladique
1127 1010 1297 1119 sororem

261 1151 432 1242 rogeuutt
443 1164 458 1225 ;

166 1287 294 1369 rursus
313 1285 544 1366 illustratam
563 1284 612 1364 ab
632 1284 838 1391 adjunctis,

223 1439 496 1552 —pedibus
515 1440 678 1535 celerem,
698 1460 737 1521 et
747 1438 963 1550 pernicibus
980 1439 1065 1533 alis,

224 1553 433 1663 Morfirum
453 1551 686 1646 horrendum,
706 1554 847 1662 ingens.

190 1715 382 1906 ‘bDeinde
401 1712 613 1825 apartibus
631 1716 806 1824 corporis
825 1734 865 1795 et
883 1715 1088 1811 membris,
1108 1716 1236 1826 iisque
1255 1746 1318 1827 pa-

169 1858 202 1909 rr
230 1855 290 1921 us,

223 2035 337 2048 ——
355 1986 420 2065 cui
433 2002 521 2095 quot
526 1983 624 2092 sunt
642 2003 791 2094 corpore
801 1986 956 2093 pluma,

228 2096 301 2180 Tot
318 2099 450 2205 vigiles
468 2098 567 2178 oculi
568 2095 721 2204 subter,
740 2096 909 2178 mirabile
927 2096 1044 2191 dictu,

231 2214 299 2293 Tot
316 2212 470 2320 liuguae,
487 2210 635 2291 totidem
653 2209 881 2317 orasouaut,
901 2207 1136 2317 totstubrigit
1153 2240 1292 2293 aures.-

224 2373 336 2452 Tum
355 2371 404 2451 ab
425 2368 575 2450 effeffis
593 2371 807 2465 nosturnis,
824 2370 947 2479 iisque
962 2371 1109 2481 partim
1120 2372 1321 2455 affirmatis

170 2513 256 2593 quae
274 2482 453 2589 subjectis
472 2481 568 2562 locis
589 2482 843 2577 illustrantur,

228 2654 349 2732 Nede
367 2653 473 2731 volat
490 2652 576 2733 culi
590 2653 715 2749 medio,
734 2670 920 2762 terraeque
931 2670 1005 2760 per
1023 2651 1193 2734 umbram

229 2763 411 2983 StridJrs,
433 2765 580 2874 partim
599 2768 764 2872 negatis,
784 2792 849 2846 nec
866 2764 972 2846 dulci
985 2763 1148 2847 declinat
1163 2766 1309 2849 iumiua

354 2905 452 2956 omno
466 2907 481 2955 .·

227 3050 339 3129 Turn
359 3048 524 3142 diurnis,
544 3045 665 3157 eique
688 3049 928 3131 illustrantur
947 3069 987 3131 et
1005 3050 1186 3159 subjeceris
1211 3054 1325 3151 locis,

173 3180 213 3241 et
232 3163 413 3268 adjuncto
433 3162 506 3241 srtu
525 3160 697 3256 sedendi,

287 3334 393 3412 Luce
398 3331 506 3439 sedet
524 3333 651 3441 custos,
671 3351 742 3414 aut
746 3334 889 3442 summi
905 3336 1060 3418 culmine
1077 3339 1180 3433 uui,

289 3440 478 3524 Turribus
496 3463 565 3525 aut
583 3446 673 3526 altis
691 3465 728 3527 et
746 3477 901 3556 mugnus
918 3450 1079 3530 territat
1097 3449 1224 3531 urbes.

231 3618 297 3699 Ab
317 3618 508 3726 adjunctis
527 3621 698 3731 denique
718 3625 900 3735 paribus;

290 3777 487 3890 Tamfiffii
494 3784 684 3894 pravique
702 3802 816 3866 tenax
834 3819 943 3898 quam
961 3789 1096 3870 nuntia
1114 3790 1214 3873 veri.

232 3957 352 4037 Tales
371 3956 460 4036 sunt
482 3956 758 4067 descriptiones
777 3960 1015 4071 plantarum,
1035 3964 1273 4047 animalium
1292 3968 1336 4048 in

179 4068 376 4178 Phyficis3
413 4070 511 4149 item
537 4070 765 4166 fluminum,
798 4074 1012 4168 montium,
1038 4076 1201 4157 urbium
1225 4081 1333 4189 apud

177 4178 439 4290 Geographos
452 4201 492 4261 et
505 4182 748 4279 Historicos3
774 4184 1028 4294 personarum
1039 4188 1213 4298 denique
1226 4193 1334 4303 apud

177 4294 317 4376 Poetas
336 4313 376 4373 et
395 4295 594 4374 Oratores.
