2956 4980
379 239 543 335 Literae
568 237 763 338 Oliverii
789 244 1081 339 Protedloris.
1228 279 1307 364 275

153 409 240 489 neri
261 408 330 492 suo
349 414 569 509 necessaria,
591 417 728 499 nostris
748 418 875 500 ablata
895 417 995 512 sunt,
1017 446 1062 500 ea
1081 418 1129 499 ab
1150 418 1308 498 illarum

159 523 321 604 navium
354 528 556 621 Dominis,
585 527 625 607 id
656 532 764 638 quod
793 533 864 640 ipsr
893 532 1120 639 praedatores
1151 558 1309 638 aequum

159 632 233 714 effe
251 636 459 719 censebant
478 641 752 722 restituantur:
784 672 860 751 qua
876 643 917 723 in
934 672 974 729 re
990 644 1170 724 Vestram
1192 645 1309 723 Emi-

160 749 350 937 nelrlrtiam,
370 780 449 860 qua
469 751 571 834 valet
598 752 849 850 authoritate,
875 756 1096 865 plurimum
1118 755 1225 867 polle
1246 756 1308 835 in-

161 876 196 938 te
229 887 391 967 rgrmus.

161 998 224 1075 Ex
236 1000 391 1079 Palatio
402 1001 518 1110 nostro
532 1003 589 1082 W
582 1002 847 1113 estmonqslerii.

233 1111 313 1191 Die
332 1113 501 1222 Augusti
516 1116 598 1194 An.
626 1118 673 1195 16
679 1118 746 1223 56.

478 1263 714 1341 Eminentiae
733 1262 880 1341 Vestra
898 1262 1198 1343 Studiofiffimus

561 1373 753 1455 Oliverius
773 1376 880 1455 Prot.
904 1376 1023 1485 Reip.
1045 1375 1215 1483 Angliae,
1235 1377 1309 1456 &c

160 1796 360 1876 Oliverius
377 1795 575 1876 protestor
590 1799 695 1907 Rerp.
712 1799 881 1904 Angliae,
895 1800 973 1879 &a
989 1801 1152 1905 Excelsts
1161 1818 1197 1880 et
1206 1817 1312 1908 prae·

206 1908 419 2018 potentibus
430 1910 601 1989 Dominis
613 1910 808 1991 Foederati
819 1912 946 2018 Belgii
960 1911 1176 2008 Ordinibus,
1202 1916 1238 1993 S.
1249 1914 1306 1992 D.

158 2084 312 2166 Excelfi
332 2103 371 2164 et
393 2086 654 2193 Praepotentes
675 2085 860 2181 Domini,
876 2086 1013 2166 Amici

301 2224 346 2277 ac
363 2198 396 2275 F
397 2198 560 2277 oedcrati
579 2194 816 2292 chariffimi;

273 2321 341 2399 On
368 2320 593 2401 dubitamus
620 2348 690 2402 nos
722 2321 885 2429 quidem
917 2321 1014 2428 quin
1041 2349 1178 2401 omnes
1204 2322 1312 2401 testi·

299 2435 482 2513 monium
507 2429 584 2513 hoc
610 2434 723 2513 nobis
747 2432 984 2543 perhibituri
1012 2433 1098 2526 fint,
1120 2434 1244 2514 nullas
1270 2436 1311 2513 in

159 2543 433 2625 contrahendis
464 2545 634 2625 externis
662 2546 846 2625 amicitiis
875 2546 1040 2626 rationes
1069 2545 1313 2626 defendenda

161 2658 384 2766 Religionis
398 2659 560 2737 veritate
580 2660 753 2766 potiores
773 2685 948 2766 unquam
964 2658 1076 2738 nobis
1096 2657 1221 2754 fuiffe,
1240 2687 1313 2739 nec

158 2769 443 2877 conjungendis
474 2797 613 2849 eorum
645 2771 800 2863 animis,
829 2773 899 2878 qui
931 2771 1221 2880 Protrjdantium
1246 2773 1311 2851 vel

159 2883 279 2963 amici
308 2911 353 2962 ac
384 2880 618 2975 defensores,
649 2883 711 2961 vel
746 2883 883 2962 saltem
912 2909 991 2961 non
1022 2879 1150 2963 hostes
1176 2883 1310 2977 ell‘em,

158 2996 358 3103 antiquius
391 3022 462 3074 nos
496 2995 712 3102 quicquam
745 2993 934 3076 habuiffe.
1002 2999 1098 3104 Qo
1134 2996 1310 3102 graviore

158 3109 283 3187 animi
302 3107 437 3187 dolore
452 3133 767 3201 commovemur,
780 3108 934 3216 quoties
950 3108 1225 3187 annuntiatum
1240 3106 1309 3201 est,

160 3219 451 3327 Protestantium
471 3219 674 3328 Principes
693 3248 738 3299 ac
760 3221 949 3300 Civitates
969 3246 1055 3326 quae
1078 3218 1148 3298 fibi
1168 3237 1310 3298 mutuo

158 3332 397 3411 amiciffimae
416 3327 646 3439 summdque
673 3333 884 3413 concordes
913 3330 986 3410 effe
1010 3331 1210 3425 deberent,
1231 3330 1309 3410 sus-

159 3448 293 3552 pestus
325 3445 428 3523 inter
459 3443 496 3523 se
528 3443 601 3523 esse
632 3463 672 3524 et
705 3473 784 3524 non
812 3440 963 3554 optime
995 3445 1211 3538 animatos3
1242 3471 1310 3525 vos

159 3556 371 3665 praesertim
393 3557 628 3663 Regemque
643 3557 799 3650 Sueciae,
812 3555 957 3663 quibus
972 3553 1152 3636 fortiores
1168 3557 1310 3636 Ortho-

158 3668 253 3748 doxa
271 3667 367 3748 fides
392 3666 610 3748 defensores
631 3667 861 3761 nonhabet,
883 3696 1009 3776 neque
1037 3668 1157 3748 socios
1184 3669 1311 3749 nostra

159 3779 318 3889 Respub.
341 3780 411 3860 srbi
430 3780 730 3886 conjundtiores,
751 3782 874 3860 videri
902 3807 980 3858 non
1006 3778 1115 3888 aeque
1143 3807 1187 3858 ac
1213 3808 1310 3859 con-

159 3892 331 3973 suevistis
347 3893 456 3972 vobis
476 3893 649 3972 invicem
667 3893 877 3985 confidere,
894 3893 1021 3971 immo
1042 3891 1184 3971 indicia
1203 3920 1309 4001 quae-

159 4006 253 4085 dam
275 4006 338 4085 vel
363 4006 552 4084 nascentis
583 4006 685 4085 inter
714 4034 782 4085 vos
813 4004 969 4097 dissidii,
1000 4004 1063 4082 vel
1094 4004 1310 4084 vacillantis

158 4119 342 4199 amicitia
360 4116 466 4197 haud
485 4117 647 4197 obscura
666 4145 865 4227 apparere.
906 4114 1041 4195 Causae
1059 4143 1145 4223 quae
1164 4114 1311 4197 fuerint

159 4231 360 4339 utrinque,
375 4249 414 4309 et
433 4230 650 4337 usquequo
669 4229 863 4338 progressa
883 4230 1108 4309 animorum
1127 4228 1310 4309 alienatio

159 4343 218 4437 lit,
233 4344 416 4451 ignotum
432 4342 506 4422 effe
522 4343 634 4423 nobis
650 4342 906 4451 profitemur:
929 4360 1184 4421 veruntamen
1204 4338 1310 4420 haud

158 4458 362 4565 potuimus
379 4455 478 4564 quin
498 4482 658 4563 gravem
678 4455 768 4536 sane
793 4453 1014 4535 molestiam
1037 4455 1170 4534 animo
1192 4480 1309 4561 cape-
