2956 4980
336 304 345 318 .
373 233 539 329 Literae
562 235 756 327 Senatus
781 230 1050 363 Anglicani.
1205 257 1282 364 189

142 404 264 487 licere.
324 405 425 485 Sanb
443 404 550 512 quod
568 403 819 513 potentffmae
839 405 1118 491 Foederatorum
1136 413 1175 494 in
1194 417 1285 496 Bel-

142 517 192 623 gio
202 517 436 610 Provincia,
449 518 606 597 suarum
626 544 757 595 rerum
777 535 817 595 et
836 518 1034 598 rationum
1054 523 1286 607 consultiffi-

150 655 221 724 ua,
235 628 337 710 nihil
352 628 402 709 ad
421 627 458 708 se
472 629 669 737 pertinere
685 627 1019 724 existimaverunt,
1040 631 1069 712 fi
1088 640 1285 745 peregrini

154 738 280 821 lcilicet
291 741 421 848 Angli
434 738 610 818 debitam
630 738 706 819 suis
719 738 830 818 domi
845 741 1133 846 magistratibus
1145 747 1186 826 in
1203 748 1285 830 haec

156 853 203 932 vel
218 853 285 933 illa
303 853 423 931 verba
448 851 571 930 fidem
597 850 824 957 astringant,
850 852 891 930 id
914 880 994 959 quo
1021 859 1134 963 paeto
1153 860 1286 942 vestrae

159 963 301 1044 Civitati
321 962 540 1072 suspectum
560 981 627 1042 aut
646 961 858 1042 molestum
877 962 950 1042 elle
967 967 1094 1071 poffit,
1115 967 1287 1054 fatemur

158 1075 250 1181 plane
267 1103 338 1154 nos
351 1076 512 1155 nescire.
571 1074 725 1153 Verum
740 1070 818 1153 hoc
834 1070 857 1152 a
871 1075 1024 1182 privato
1038 1084 1287 1186 quorundam

157 1186 212 1268 five
231 1188 361 1267 studio
380 1186 455 1266 five
475 1184 688 1264 formidine
704 1183 943 1293 profectum,
959 1214 1059 1293 quos
1078 1192 1287 1276 errabundi

155 1301 300 1405 quidem
323 1319 364 1379 et
386 1296 486 1408 pulfi
505 1296 631 1406 patria
652 1296 767 1390 Scoti,
797 1297 916 1377 minis
940 1297 1126 1382 dicuntur
1150 1307 1285 1416 impu-

153 1406 289 1506 lille,ut
308 1428 542 1489 mercatores
562 1408 711 1487 nostros
731 1436 753 1488 a
772 1407 849 1487 fide
865 1407 931 1488 sul
950 1411 1062 1492 nobis
1076 1414 1287 1524 obliganda

152 1522 390 1617 deterrerent,
404 1521 569 1600 Civitati
582 1547 659 1599 non
674 1520 931 1629 imputamus.
992 1522 1145 1606 Interea
1156 1548 1288 1610 tamen

148 1632 292 1716 summo
320 1662 389 1714 vos
417 1660 536 1742 opere
564 1630 770 1711 hortamur
798 1652 916 1739 atque
945 1635 1065 1714 etiam
1103 1666 1288 1746 rogamus

146 1746 365 1853 (nonenim
386 1763 603 1825 mercatura
619 1742 720 1848 jam,
741 1743 805 1822 sed
831 1743 1004 1855 Respub.
1031 1747 1111 1857 ipsa
1137 1753 1284 1860 agitur)

143 1879 251 1941 utne
270 1884 501 1966 quenquam
519 1855 622 1963 apud
642 1882 711 1934 vos
731 1856 930 1965 patimini,
954 1857 1065 1963 cujus
1089 1858 1167 1942 hoc
1187 1863 1288 1944 nihil

140 1969 265 2081 potest
283 1967 475 2065 intercise,
494 1966 722 2048 authoritati
741 1995 862 2075 quam
882 1995 952 2047 nos
977 1970 1019 2048 in
1043 1973 1190 2054 nostros
1215 2005 1288 2086 po-

140 2083 305 2193 pulares,
319 2109 398 2161 non
414 2082 655 2160 Exterorum
675 2078 836 2158 arbitrio
856 2101 924 2160 aut
935 2079 1103 2184 judicio,
1119 2084 1182 2164 sed
1194 2087 1286 2192 jure

140 2196 266 2305 patrio
294 2193 534 2284 obtinemus,
565 2190 673 2270 suam
701 2218 980 2301 quamcunque
1010 2192 1288 2280 authoritatem
1318 2245 1330 2271 2

140 2308 400 2415 interponere.
436 2288 566 2413 'Qis
585 2303 693 2381 enim
713 2329 792 2380 non
811 2301 911 2410 agre
931 2303 1045 2398 ferar,
1067 2306 1184 2388 finos
1202 2309 1287 2389 ves-

140 2420 205 2500 tris
225 2416 293 2498 blc
313 2412 656 2522 Hamburgenstbus
679 2412 744 2492 sua
768 2441 861 2519 erga
883 2442 951 2494 vos
977 2414 1054 2497 fide
1078 2418 1289 2501 interdice-

140 2558 285 2612 remus.
344 2527 499 2607 Valere.

223 2644 329 2724 Dat.
349 2640 452 2748 Jan.
469 2664 510 2741 4.
539 2640 658 2744 1649.

139 2947 361 3056 Serenffmo
388 2977 435 3027 ac
456 2943 692 3056 potentifflmo
723 2944 900 3053 Principi
925 2944 1114 3056 Philippo
1145 2950 1292 3057 Qarto

198 3060 471 3170 Hispaniarum
495 3057 605 3166 Regi,
632 3056 915 3136 Parlamentum
940 3058 1096 3167 Reipub.
1121 3064 1291 3170 Angliae,

182 3174 362 3281 salutem.

253 3310 436 3390 Ntonium
448 3306 649 3410 Ascamum
661 3305 806 3384 Virum
825 3305 1008 3413 probum,
1025 3309 1239 3405 eruditum,
1253 3332 1293 3393 et

282 3418 481 3500 luculenti
493 3417 644 3497 famililt
657 3436 804 3508 ortum,
817 3417 866 3496 de
879 3417 993 3497 rebus
1010 3421 1291 3518 incommune,

140 3554 225 3616 tam
246 3533 511 3640 Hispanorum,
531 3557 650 3637 quarn
672 3528 884 3636 Anglorum
907 3533 1031 3636 genti,
1056 3553 1100 3613 ut
1119 3533 1203 3643 spes
1222 3535 1293 3630 est,

140 3647 256 3726 valde
291 3645 467 3737 utilibus,
507 3642 555 3721 ad
594 3641 845 3746 Majestatem
882 3642 1062 3722 Vestram
1100 3643 1291 3753 legamus.

142 3756 422 3868 Qamobrem
447 3772 492 3834 ut
521 3755 558 3833 ei
585 3749 796 3833 honestum
824 3754 912 3847 iter,
941 3773 1057 3862 atque
1089 3774 1221 3839 tutum
1251 3761 1292 3839 in

142 3871 302 3952 Urbem
323 3869 510 3976 Regiam,
538 3865 635 3945 ficut
654 3865 775 3945 moris
795 3866 864 3958 est,
886 3892 1038 3946 necnon
1058 3885 1098 3945 et
1122 3873 1293 3952 reditum

141 3982 374 4074 concedere,
401 3999 440 4059 et
463 3977 638 4089 praestare
658 3978 769 4069 velis,
797 4005 934 4085 parem
959 3977 1101 4058 referre
1126 3983 1295 4089 gratiam

142 4115 291 4208 parata,
304 4090 476 4173 officiose
492 4091 677 4201 petimus.
737 4089 804 4168 Sin
826 4089 865 4167 id
882 4087 1013 4171 minus
1029 4091 1235 4198 placuerit,
1251 4115 1296 4176 ut

141 4238 230 4321 quae
243 4205 369 4286 vestra
381 4203 455 4285 hac
470 4204 511 4282 in
531 4221 639 4313 parte
656 4202 700 4281 fit
715 4202 908 4295 voluntas,
929 4204 966 4281 ei
981 4231 1102 4310 quam
1119 4205 1296 4314 primum

144 4318 399 4432 fignificetur,
407 4335 530 4427 utque
542 4314 629 4395 turb
641 4342 720 4423 quo
732 4313 839 4394 volet
851 4314 1019 4396 abeundi
1030 4317 1201 4424 potestas
1213 4318 1292 4400 fiat.

203 4435 306 4514 Dat.
328 4428 419 4510 Feb.
439 4454 481 4530 4.
509 4429 625 4533 1649.
