2956 4980
399 110 562 204 Literae
588 107 780 205 Oliverii
806 112 1096 208 Protetstoris.
1247 150 1322 233 251

160 281 316 363 siarum
331 281 630 363 difficultatibus
650 303 690 364 et
708 285 870 363 adverfis
890 283 1005 363 rebus
1016 284 1099 390 jam
1117 282 1212 393 saepe
1228 312 1325 392 cog·

159 395 255 474 nita
274 395 346 476 est.
367 403 370 409 ’
406 397 496 503 Ego
516 415 636 489 certe,
656 396 725 474 nisr
746 424 811 474 me
831 394 932 474 fallit
946 395 1116 489 animus,
1137 398 1274 505 quavis
1287 399 1329 475 in

159 532 207 585 re
230 509 383 616 potius,
400 504 522 615 quam
547 507 673 587 studio
694 527 733 586 et
752 505 941 586 charitate
967 534 1060 614 erga
1080 507 1215 588 fratres
1236 508 1328 587 reli·
1433 583 1435 587 ,

157 620 303 727 gionis
322 619 437 698 causa
457 618 619 699 violatos
643 637 760 728 atque
779 616 943 698 afflictos
964 621 1068 699 vinci
1092 619 1325 699 sustineam:

156 731 497 840 quandoquidem
518 731 781 811 Ecclesrarum
800 730 963 810 salutem
979 749 1096 840 atque
1111 760 1250 840 pacem
1264 732 1327 810 in-

159 843 398 923 columitati
417 843 538 922 etiam
555 843 721 953 propriae
741 842 866 922 libens
919 843 1143 922 raetulerim.
1204 843 1325 954 Qud

160 956 298 1063 igitur
317 953 504 1035 hastenus
520 957 738 1065 potuimus,
759 955 805 1033 ad
828 871 1026 1035 Salbudiae
1040 957 1187 1049 Ducem
1205 956 1329 1064 scrip-

164 1067 321 1162 fimus3
353 1066 582 1176 suppliciter
600 1065 699 1176 pene
724 1084 902 1173 rogantes
923 1086 967 1145 ut
989 1068 1030 1145 in
1054 1065 1126 1147 hos
1145 1066 1328 1148 homines

165 1177 508 1259 innocentissimos
527 1200 567 1259 et
581 1178 754 1259 subditos
773 1197 812 1257 et
828 1177 1020 1287 supplices
1041 1177 1127 1259 suos
1141 1180 1328 1289 placatio·

168 1319 259 1370 rem
272 1291 454 1370 animum
468 1319 513 1371 ac
528 1292 773 1371 voluntatem
786 1289 978 1399 suscipiat,
994 1289 1076 1370 suas
1091 1291 1197 1372 sedes
1209 1311 1327 1399 atque

171 1401 352 1483 fortunas
372 1402 522 1483 miseris
545 1405 694 1498 reddat,
715 1403 920 1512 pristinam
939 1402 1059 1481 etiam
1076 1405 1117 1482 in
1137 1404 1327 1512 religione

172 1515 399 1595 libertatem
411 1515 613 1595 concedat.
649 1515 879 1623 Scripfimus
893 1535 1078 1623 praeterea
1089 1515 1137 1594 ad
1153 1515 1327 1596 summos

176 1626 468 1736 Protestantium
489 1628 692 1738 Principes
711 1647 751 1706 et
771 1627 1040 1733 Magistratus,
1061 1627 1108 1706 ad
1128 1655 1226 1735 quos
1245 1626 1347 1708 haec'

175 1738 352 1820 maxime
373 1742 566 1849 pertinere
580 1738 860 1846 judicavimus,
882 1759 925 1818 ut
946 1740 986 1817 in
1007 1737 1204 1820 Sabaudiae
1215 1742 1329 1821 Duce

175 1852 377 1931 exorando
392 1851 499 1931 suam
515 1850 692 1931 conferre
705 1879 867 1959 operam
883 1849 1088 1930 nobiscum
1101 1849 1177 1930 uni
1189 1853 1327 1932 velint.

176 1962 276 2043 Haec
306 1964 461 2058 eadem,
490 1981 531 2043 et
588 1965 671 2044 lura
703 1961 860 2042 sorfitan
883 1991 952 2043 vos
982 1992 1141 2074 quoque
1168 1962 1325 2044 fecistis.

176 2075 291 2155 Nam
309 2076 542 2185 exemplum
559 1993 639 2156 lioc
659 2094 740 2155 tam
756 2074 1034 2184 periculosum,
1055 2095 1095 2155 et
1119 2076 1327 2156 instaurata

174 2213 303 2296 nuper
333 2188 374 2267 in
402 2187 653 2268 Reformatos
686 2206 791 2267 tanta
815 2188 1024 2267 crudelitas
1052 2188 1079 2265 st
1103 2188 1325 2268 auctoribus

174 2296 276 2378 bene
296 2300 423 2393 cedat,
443 2302 692 2408 quantumin
713 2299 920 2379 discrimen
942 2299 1106 2379 addueta
1126 2300 1265 2407 religio
1281 2302 1327 2380 fit

174 2411 342 2491 vestram
355 2411 695 2492 commonefacere
708 2413 958 2521 prudentiam
970 2409 1069 2490 nihil
1085 2413 1236 2492 attinet.
1273 2415 1328 2493 Et

175 2523 210 2602 is
221 2523 385 2631 quidem
406 2524 433 2603 fi
454 2523 557 2604 flesti
575 2525 710 2604 nostris
726 2525 908 2603 omnium
924 2525 1103 2632 precibus
1117 2544 1158 2605 et
1171 2528 1325 2605 exorari

175 2633 213 2714 sc
238 2634 364 2743 passus
390 2637 464 2715 erit
487 2637 713 2745 praeclarum
739 2664 809 2716 nos
833 2655 948 2744 atque
973 2637 1136 2716 uberem
1162 2636 1324 2746 suscepti

174 2745 293 2853 hujus
324 2748 466 2828 laboris
497 2747 670 2828 frustum
702 2776 747 2828 ac
781 2750 988 2857 praemium
1022 2749 1324 2858 reportabimus.

176 2859 245 2937 Sin
269 2885 316 2938 ea
342 2861 383 2939 in
408 2859 595 2942 sententia
619 2861 844 2969 perstiterit,
872 2878 918 2938 ut
942 2861 1044 2968 apud
1076 2888 1174 2968 quos
1199 2860 1325 2940 nostra

175 2970 340 3078 Religio
371 2972 434 3051 vel
466 2971 514 3051 ab
548 2973 638 3083 ipsrs
672 2973 878 3080 Evangelii
912 2973 1050 3080 primis
1086 2972 1326 3053 Ductoribus

175 3082 318 3163 tradita
370 3112 412 3162 er
438 3111 575 3165 manus
600 3105 640 3165 et
663 3082 888 3193 incorrupte
919 3084 1075 3178 servata,
1102 3085 1166 3164 vel
1196 3085 1326 3165 multo

125 3265 135 3290 ,
175 3193 267 3276 ante
290 3112 412 3303 qulrn
437 3197 540 3305 apud
571 3216 724 3276 caeteras
751 3198 899 3275 Gentes
923 3196 1129 3276 sinceritati
1157 3197 1326 3305 pristinae

175 3307 351 3388 restituta
369 3307 439 3400 est,
455 3336 520 3388 eos
540 3309 587 3388 ad
605 3310 799 3388 summam
815 3307 1124 3417 desperationem
1138 3311 1325 3406 redactos,

175 3419 326 3499 deletos
352 3417 530 3499 funditus
560 3449 604 3500 ac
634 3421 805 3529 perditos
829 3420 937 3513 velit,
969 3441 1122 3529 paratos
1153 3449 1222 3502 nos
1251 3424 1325 3503 esse

177 3557 392 3611 commune
423 3532 584 3640 aliquod
614 3531 818 3612 vobiscum
845 3532 1066 3640 caeterisque
1099 3534 1327 3641 Reformatis

177 3641 361 3723 fratribus
394 3672 439 3723 ac
466 3643 577 3724 sociis
608 3644 815 3724 confilium
843 3671 995 3752 capere,
1030 3673 1110 3751 quo
1139 3664 1180 3725 et
1213 3647 1324 3727 saluti

176 3755 430 3864 pereuntium
442 3756 639 3862 justorum
654 3757 853 3836 consulere
872 3755 1185 3836 commodissime
1205 3786 1325 3866 quea-

176 3894 283 3961 mus,
314 3887 353 3946 et
380 3868 410 3947 is
439 3867 604 3948 demum
636 3869 773 3948 sentiat
805 3866 1135 3947 Orthodoxorum
1168 3870 1325 3977 injurias

175 3997 295 4087 atque
319 3979 491 4059 miserias
515 4000 596 4063 tam
622 4009 759 4090 graves
783 4009 860 4061 non
886 3979 989 4090 posse
1014 4008 1083 4062 nos
1107 3982 1322 4094 negligere.

177 4091 221 4175 V
212 4092 322 4172 aleta.
888 4119 894 4128 ·
