2956 4980
107 244 222 376 Cap.
246 286 314 341 20.
422 241 609 340 Plenior
636 242 882 341 Institutio
1175 267 1198 344 6
1205 294 1227 374 ς

50 420 98 524 st
115 449 229 500 unum
248 421 286 501 in
307 422 423 501 locum
442 421 700 528 corfferantur,
718 452 799 501 cum
816 423 856 500 S.
877 424 1033 532 Sulpitio
1053 427 1227 532 nonstrnt

66 532 293 639 corfirmdi,
315 535 342 611 i.
363 561 399 612 e.
422 560 499 613 non
520 534 712 641 aequandi,
740 563 826 642 quae
846 554 936 613 nota
956 538 1112 644 parium
1134 540 1223 618 fuit.

66 644 275 726 Hadtenus
293 650 491 726 contracta
511 643 652 725 forma.

126 757 337 867 Explicata
357 757 485 838 forma
506 759 569 837 vel
587 787 682 839 cum
706 760 807 837 notis
827 759 897 852 est,
918 761 980 839 vel
1005 762 1081 840 fine
1107 763 1220 842 notis.

67 867 241 978 Propriae
261 891 361 951 notae
380 870 467 950 sunt
487 871 633 979 primd,
654 899 723 950 non
741 870 839 951 modo
859 872 1026 976 non,ſsd
1038 903 1094 952 ne.
1138 874 1220 953 Cic.

69 1004 110 1059 2.
133 984 253 1062 Catil.
286 986 402 1064 Nemo
421 1012 491 1063 non
509 983 607 1072 modo*
629 986 769 1076 Romae,
785 982 860 1089 ſsd
875 1012 920 1062 ne
939 986 1010 1064 ullo
1030 985 1068 1064 in
1088 988 1223 1092 angulo

65 1093 183 1173 totius
200 1096 329 1174 Italia
346 1095 528 1205 oppreffics
546 1125 622 1174 aere
639 1094 866 1201 alienofuit,
883 1125 984 1206 quem
1004 1127 1072 1178 non
1090 1097 1144 1178 ad
1157 1099 1224 1178 hoc

65 1201 280 1286 incredibile
283 1206 438 1312 sceleris
442 1207 576 1314 fredus
594 1208 782 1314 affluerit.
830 1208 912 1287 Htc
925 1211 1115 1316 posterior
1131 1231 1222 1290 nota

51 1313 129 1422 sed
140 1346 201 1412 ne,
226 1319 284 1399 est
306 1318 595 1427 propofitionis,
619 1340 658 1400 et
678 1339 770 1398 nota
795 1321 981 1414 minoris3
1013 1324 1220 1430 arguitque

63 1458 134 1511 non
155 1431 256 1512 modd
279 1461 363 1524 non,
393 1460 479 1540 quae
504 1431 732 1512 redditionis
759 1434 827 1524 est,
858 1452 897 1511 et
929 1453 1019 1512 nota
1048 1435 1219 1539 majoris,
1349 1473 1361 1493 ·

64 1545 175 1649 quod
198 1546 389 1652 arguitur.
450 1546 518 1625 Ne
538 1545 620 1624 ullo
642 1547 680 1623 in
702 1545 847 1652 angulo
869 1545 989 1624 Italiae
1009 1574 1086 1625 non
1110 1543 1219 1641 fecit,

64 1656 175 1763 quod
191 1659 323 1737 minus
344 1657 440 1736 utile
460 1657 530 1736 fibi
549 1677 646 1752 erat,
674 1685 751 1735 non
779 1656 899 1736 modo
920 1686 995 1736 non
1017 1658 1139 1765 igitur
1158 1660 1221 1738 vel

64 1767 196 1849 multo
216 1773 342 1877 magis
364 1771 503 1849 Rornae
529 1768 638 1863 fecit,
659 1769 764 1876 quod
794 1769 918 1874 majus
941 1788 1036 1862 erat,
1061 1771 1123 1850 vel
1150 1772 1221 1851 fibi

64 1882 194 1988 magis
213 1883 324 1965 utiler
382 1883 460 1962 Pro
480 1883 657 1962 Fonteio:
689 1883 775 1960 Non
795 1881 894 1961 modd
913 1883 1053 1961 nullum
1059 1883 1221 1990 facinus

63 1992 178 2099 hujus
189 1997 447 2102 protulerunt,
461 1993 538 2101 ſsd
550 2023 595 2073 ne
613 1992 750 2074 dilium
771 1992 910 2103 quidem
929 1994 1078 2105 aliquod
1092 2015 1221 2105 repre-

64 2104 277 2187 henderent.
343 2109 411 2188 Ne
438 2110 569 2187 minus
597 2106 761 2214 quidem
790 2103 968 2185 fecerunt
999 2127 1041 2187 ut
1067 2108 1220 2188 didtum

63 2217 228 2325 aliquod
248 2217 593 2328 reprehenderent,
613 2247 699 2326 quae
719 2219 930 2327 proposrtio
948 2220 1002 2298 est
1023 2238 1063 2297 et
1090 2223 1220 2328 arguit

64 2356 145 2409 non
163 2330 284 2411 modi>
301 2360 378 2410 non
399 2333 523 2438 majus
545 2332 570 2409 i.
586 2360 619 2410 e.
641 2358 736 2437 ergo
758 2358 835 2409 non
855 2332 994 2437 majus,
1012 2352 1055 2409 ut
1071 2331 1219 2412 facinus

66 2443 228 2551 aliquod
248 2441 481 2553 proferrent,
502 2471 588 2551 quae
608 2442 775 2521 redditio
795 2443 865 2536 est,
884 2463 923 2522 et
943 2445 1130 2550 arguitur.

123 2551 279 2635 Verum
300 2557 339 2635 in
360 2553 475 2661 hujus
496 2575 595 2634 notae
614 2556 808 2663 exemplis
832 2556 1104 2663 proposrtionis
1129 2577 1220 2636 nota

51 2665 128 2771 std
141 2697 200 2761 ne,
222 2668 432 2776 aliquando
453 2670 664 2748 omittitur.
697 2666 768 2746 Ad
780 2670 894 2747 Lent.
927 2669 1085 2747 Nullum
1103 2698 1219 2749 meum

63 2779 252 2859 minimum
273 2779 425 2875 diarum,
453 2809 521 2861 non
546 2779 643 2858 modd
653 2778 810 2885 fabium
826 2798 898 2888 pro
926 2779 1074 2886 Caestzre
1099 2782 1218 2861 inter-

64 2891 176 2997 ceffit,
197 2893 225 2970 i.
246 2921 281 2972 e.
305 2894 461 2973 nullum
482 2920 559 2971 non
581 2889 701 2970 modi>
722 2891 883 2985 factum,
915 2891 978 2970 sed
999 2919 1046 2970 ne
1066 2893 1218 2972 dictum

63 3005 243 3111 quidem.
304 3007 415 3085 Huic
435 3025 535 3085 notae
554 3003 679 3084 affinis
699 3003 754 3081 est
773 3004 840 3082 illa
861 3000 1044 3096 formula,
1070 3011 1218 3083 tantum

62 3114 163 3225 abest
180 3117 229 3197 ab
247 3117 326 3211 hoc,
348 3136 390 3199 ut
410 3147 455 3198 ne
475 3116 571 3196 illud
585 3114 740 3225 quidem.
784 3117 859 3195 Pro
874 3116 1061 3194 Marcello
1076 3145 1090 3192 .·
1118 3117 1217 3195 Tan-

63 3246 146 3309 tum
164 3229 250 3309 abes
267 3229 293 3309 a*
312 3228 538 3339 perfidiane
555 3228 795 3308 maximorum
815 3244 975 3334 operum,
1007 3247 1050 3306 ut
1063 3227 1217 3334 funda-

61 3359 201 3436 menta,
221 3370 305 3451 quae
323 3342 477 3449 cogitas,
494 3339 647 3420 nondum
656 3338 806 3445 jeceris.
869 3341 935 3418 Ne
956 3338 1033 3418 hoc
1052 3340 1216 3448 quidem

63 3452 192 3533 fecisti
212 3456 317 3562 quod
340 3456 469 3536 minus
490 3453 559 3550 est,
589 3451 678 3531 abes
699 3478 793 3557 ergo
814 3453 930 3560 longe
952 3452 999 3530 ab
1020 3452 1089 3532 illo
1109 3455 1215 3560 quod

64 3565 122 3645 est
139 3566 277 3672 majus.

121 3679 310 3759 Secundae
326 3697 425 3759 notae
444 3679 534 3759 sunt
553 3680 865 3788 comparationes
879 3678 1159 3758 Grammaticae
1179 3699 1219 3759 et

61 3789 181 3871 verba
199 3792 377 3900 quaedam
393 3821 487 3872 cum
504 3793 693 3901 particula
705 3790 815 3901 qudm
826 3818 911 3897 quae
924 3791 985 3868 vel
1005 3790 1216 3872 elationem

62 3902 295 4011 fignificant,
312 3924 357 3984 ut
369 3908 494 4012 potius
512 3906 577 3984 hoc
596 3904 706 4014 qudm
726 3901 831 3995 illud,
847 3903 940 3981 malo
959 3904 1023 3982 hoc
1043 3903 1153 4011 qudm
1168 3904 1216 3984 il-

60 4013 142 4109 lud,
159 4017 222 4096 vel
242 4016 565 4110 summiffionem,
581 4036 625 4096 ut
641 4017 772 4109 minor,
787 4015 956 4122 irfferior,
978 4015 1030 4094 ita
1052 4035 1094 4094 ut
1107 4016 1218 4126 qudm

62 4128 275 4237 utrobique
303 4127 491 4208 referatur
515 4127 563 4207 ad
588 4130 628 4208 id
653 4129 760 4236 quod
780 4128 970 4235 arguitur.
1033 4130 1149 4208 Catil.
1180 4159 1213 4208 1.

67 4240 120 4320 Ut
138 4243 231 4321 exul
238 4242 365 4350 potius
378 4258 538 4335 tentare,
551 4241 661 4350 qudm
681 4240 805 4347 corfirl
819 4269 959 4320 vexare
974 4257 1089 4348 remp.
1096 4240 1214 4350 poffls.

63 4353 189 4464 Qod
202 4355 333 4464 potius
345 4374 426 4434 erat
435 4353 608 4434 Ciceroni
619 4372 661 4431 ut
674 4354 768 4432 exul
781 4370 945 4431 tentaret
958 4380 1082 4459 remp.
1096 4350 1217 4459 quim

60 4465 196 4547 consul
211 4484 384 4561 vexaret,
398 4466 496 4546 illud
514 4486 556 4545 ut
577 4466 706 4545 minus
727 4465 878 4545 malum
898 4465 1027 4571 arguit
1047 4462 1123 4543 hoc
1144 4463 1216 4542 ess'e

122 4606 146 4686 5
639 4606 661 4656 F
