<?xml version="1.0" encoding="UTF-8"?>
<!DOCTYPE html PUBLIC "-//W3C//DTD XHTML 1.0 Transitional//EN"
    "http://www.w3.org/TR/xhtml1/DTD/xhtml1-transitional.dtd">
<html xmlns="http://www.w3.org/1999/xhtml" xml:lang="en" lang="en">
 <head>
  <title>
</title>
<meta http-equiv="Content-Type" content="text/html;charset=utf-8" />
  <meta name='ocr-system' content='tesseract 3.04.00' />
  <meta name='ocr-capabilities' content='ocr_page ocr_carea ocr_par ocr_line ocrx_word'/>
</head>
<body>
  <div class='ocr_page' id='page_1' title='image "./worksjohnmilton06miltgoog_0338.png"; bbox 0 0 2956 4980; ppageno 0'>
   <div class='ocr_carea' id='block_1_1' title="bbox 321 212 1248 349">
    <p class='ocr_par' dir='ltr' id='par_1_1' title="bbox 321 212 1248 349">
     <span class='ocr_line' id='line_1_1' title="bbox 321 212 1248 349; baseline 0.013 -38"><span class='ocrx_word' id='word_1_1' title='bbox 321 216 486 312; x_wconf 88' lang='lat' dir='ltr'>Literae</span> <span class='ocrx_word' id='word_1_2' title='bbox 514 212 707 314; x_wconf 89' lang='lat' dir='ltr'>Oliverii</span> <span class='ocrx_word' id='word_1_3' title='bbox 733 222 1024 321; x_wconf 65' lang='lat' dir='ltr'>Protectoris.</span> <span class='ocrx_word' id='word_1_4' title='bbox 1169 267 1248 349; x_wconf 80' lang='lat'>323</span> 
     </span>
    </p>
   </div>
   <div class='ocr_carea' id='block_1_2' title="bbox 90 390 1250 588">
    <p class='ocr_par' dir='ltr' id='par_1_2' title="bbox 90 390 1250 588">
     <span class='ocr_line' id='line_1_2' title="bbox 90 390 1250 504; baseline 0.009 -34"><span class='ocrx_word' id='word_1_5' title='bbox 90 390 318 486; x_wconf 84' lang='lat' dir='ltr'>existimet3</span> <span class='ocrx_word' id='word_1_6' title='bbox 348 391 390 471; x_wconf 92' lang='lat' dir='ltr'>id</span> <span class='ocrx_word' id='word_1_7' title='bbox 409 418 485 498; x_wconf 89' lang='lat' dir='ltr'>ego</span> <span class='ocrx_word' id='word_1_8' title='bbox 505 393 546 471; x_wconf 92' lang='lat' dir='ltr'>in</span> <span class='ocrx_word' id='word_1_9' title='bbox 567 393 703 473; x_wconf 86' lang='lat' dir='ltr'>multis</span> <span class='ocrx_word' id='word_1_10' title='bbox 723 395 855 476; x_wconf 86' lang='lat' dir='ltr'>vestris</span> <span class='ocrx_word' id='word_1_11' title='bbox 874 424 967 504; x_wconf 88' lang='lat' dir='ltr'>erga</span> <span class='ocrx_word' id='word_1_12' title='bbox 983 426 1048 477; x_wconf 92' lang='lat' dir='ltr'>me</span> <span class='ocrx_word' id='word_1_13' title='bbox 1064 396 1250 481; x_wconf 89' lang='lat' dir='ltr'>humani-</span> 
     </span>
     <span class='ocr_line' id='line_1_3' title="bbox 92 501 737 588; baseline 0.009 -7"><span class='ocrx_word' id='word_1_14' title='bbox 92 501 153 582; x_wconf 65' lang='lat' dir='ltr'>ter</span> <span class='ocrx_word' id='word_1_15' title='bbox 172 521 213 582; x_wconf 93' lang='lat' dir='ltr'>et</span> <span class='ocrx_word' id='word_1_16' title='bbox 232 501 359 583; x_wconf 70' lang='lat' dir='ltr'>amice</span> <span class='ocrx_word' id='word_1_17' title='bbox 379 502 489 584; x_wconf 72' lang='lat' dir='ltr'>factis</span> <span class='ocrx_word' id='word_1_18' title='bbox 508 506 737 588; x_wconf 89' lang='lat' dir='ltr'>numerabo.</span> 
     </span>
    </p>
   </div>
   <div class='ocr_carea' id='block_1_3' title="bbox 152 627 854 740">
    <p class='ocr_par' dir='ltr' id='par_1_3' title="bbox 152 627 854 740">
     <span class='ocr_line' id='line_1_4' title="bbox 152 627 854 740; baseline 0.009 -33"><span class='ocrx_word' id='word_1_19' title='bbox 152 627 475 737; x_wconf 71' lang='lat' dir='ltr'>Weslmonasterio.</span> <span class='ocrx_word' id='word_1_20' title='bbox 523 629 631 709; x_wconf 82' lang='lat' dir='ltr'>Maii</span> <span class='ocrx_word' id='word_1_21' title='bbox 642 659 706 709; x_wconf 82' lang='lat' dir='ltr'>an.</span> <span class='ocrx_word' id='word_1_22' title='bbox 736 634 782 711; x_wconf 90' lang='lat'>16</span> <span class='ocrx_word' id='word_1_23' title='bbox 788 633 854 740; x_wconf 82' lang='lat'>58.</span> 
     </span>
    </p>
   </div>
   <div class='ocr_carea' id='block_1_4' title="bbox 92 1013 1245 1210">
    <p class='ocr_par' dir='ltr' id='par_1_4' title="bbox 92 1013 1245 1210">
     <span class='ocr_line' id='line_1_5' title="bbox 92 1013 1245 1126; baseline 0.007 -34"><span class='ocrx_word' id='word_1_24' title='bbox 92 1013 296 1093; x_wconf 83' lang='lat' dir='ltr'>oliverius</span> <span class='ocrx_word' id='word_1_25' title='bbox 311 1014 478 1093; x_wconf 59' lang='lat' dir='ltr'>Proteel.</span> <span class='ocrx_word' id='word_1_26' title='bbox 502 1014 659 1124; x_wconf 76' lang='lat' dir='ltr'>Reipub.</span> <span class='ocrx_word' id='word_1_27' title='bbox 681 1017 850 1124; x_wconf 78' lang='lat' dir='ltr'>Anglioe,</span> <span class='ocrx_word' id='word_1_28' title='bbox 863 1018 942 1098; x_wconf 64' lang='lat' dir='ltr'>&amp;a</span> <span class='ocrx_word' id='word_1_29' title='bbox 965 1017 1245 1126; x_wconf 83' lang='lat' dir='ltr'>Eminentifflmo</span> 
     </span>
     <span class='ocr_line' id='line_1_6' title="bbox 361 1126 977 1210; baseline 0.008 -6"><span class='ocrx_word' id='word_1_30' title='bbox 361 1126 520 1206; x_wconf 86' lang='lat' dir='ltr'>Domine</span> <span class='ocrx_word' id='word_1_31' title='bbox 543 1126 977 1210; x_wconf 84' lang='lat' dir='ltr'>CardinaliMazarino.</span> 
     </span>
    </p>
   </div>
   <div class='ocr_carea' id='block_1_5' title="bbox 176 1286 716 1382">
    <p class='ocr_par' dir='ltr' id='par_1_5' title="bbox 176 1286 716 1382">
     <span class='ocr_line' id='line_1_7' title="bbox 176 1286 716 1382; baseline 0 -15"><span class='ocrx_word' id='word_1_32' title='bbox 176 1286 494 1367; x_wconf 88' lang='lat' dir='ltr'>Eminentiffime</span> <span class='ocrx_word' id='word_1_33' title='bbox 515 1287 716 1382; x_wconf 90' lang='lat' dir='ltr'>Domine;</span> 
     </span>
    </p>
   </div>
   <div class='ocr_carea' id='block_1_6' title="bbox 184 1375 1244 1522">
    <p class='ocr_par' dir='ltr' id='par_1_6' title="bbox 184 1375 1244 1522">
     <span class='ocr_line' id='line_1_8' title="bbox 184 1375 1244 1522; baseline 0.007 -32"><span class='ocrx_word' id='word_1_34' title='bbox 184 1413 269 1491; x_wconf 91' lang='lat' dir='ltr'>Um</span> <span class='ocrx_word' id='word_1_35' title='bbox 310 1410 609 1491; x_wconf 87' lang='lat' dir='ltr'>illustriffimum</span> <span class='ocrx_word' id='word_1_36' title='bbox 647 1414 776 1491; x_wconf 89' lang='lat' dir='ltr'>virum</span> <span class='ocrx_word' id='word_1_37' title='bbox 817 1408 991 1493; x_wconf 79' lang='lat' dir='ltr'>Thomaen</span> <span class='ocrx_word' id='word_1_38' title='bbox 1022 1375 1244 1522; x_wconf 79' lang='lat' dir='ltr'>Bellafflstem</span> 
     </span>
    </p>
   </div>
   <div class='ocr_carea' id='block_1_7' title="bbox 81 1523 1244 2981">
    <p class='ocr_par' dir='ltr' id='par_1_7' title="bbox 81 1523 1244 2981">
     <span class='ocr_line' id='line_1_9' title="bbox 212 1523 1242 1632; baseline 0.005 -30"><span class='ocrx_word' id='word_1_39' title='bbox 212 1525 501 1603; x_wconf 90' lang='lat' dir='ltr'>Vicecomitem</span> <span class='ocrx_word' id='word_1_40' title='bbox 540 1523 839 1631; x_wconf 83' lang='lat' dir='ltr'>Falconbrigium</span> <span class='ocrx_word' id='word_1_41' title='bbox 877 1553 1072 1632; x_wconf 84' lang='lat' dir='ltr'><strong>generum</strong></span> <span class='ocrx_word' id='word_1_42' title='bbox 1105 1555 1242 1607; x_wconf 91' lang='lat' dir='ltr'>meum</span> 
     </span>
     <span class='ocr_line' id='line_1_10' title="bbox 88 1636 1244 1743; baseline 0.003 -27"><span class='ocrx_word' id='word_1_43' title='bbox 88 1637 329 1717; x_wconf 87' lang='lat' dir='ltr'>Sereniffimi</span> <span class='ocrx_word' id='word_1_44' title='bbox 350 1637 474 1743; x_wconf 89' lang='lat' dir='ltr'>Regis</span> <span class='ocrx_word' id='word_1_45' title='bbox 494 1636 707 1716; x_wconf 91' lang='lat' dir='ltr'>adventum</span> <span class='ocrx_word' id='word_1_46' title='bbox 734 1638 774 1715; x_wconf 91' lang='lat' dir='ltr'>in</span> <span class='ocrx_word' id='word_1_47' title='bbox 795 1636 913 1717; x_wconf 90' lang='lat' dir='ltr'>castra</span> <span class='ocrx_word' id='word_1_48' title='bbox 931 1638 979 1716; x_wconf 88' lang='lat' dir='ltr'>ad</span> <span class='ocrx_word' id='word_1_49' title='bbox 999 1639 1244 1720; x_wconf 86' lang='lat' dir='ltr'>Dunkirkem</span> 
     </span>
     <span class='ocr_line' id='line_1_11' title="bbox 87 1749 1243 1858; baseline 0.004 -30"><span class='ocrx_word' id='word_1_50' title='bbox 87 1750 330 1857; x_wconf 84' lang='lat' dir='ltr'>gratulatum</span> <span class='ocrx_word' id='word_1_51' title='bbox 367 1750 582 1843; x_wconf 88' lang='lat' dir='ltr'><strong>mitterem,</strong></span> <span class='ocrx_word' id='word_1_52' title='bbox 622 1749 752 1828; x_wconf 88' lang='lat' dir='ltr'>eidem</span> <span class='ocrx_word' id='word_1_53' title='bbox 790 1751 956 1858; x_wconf 83' lang='lat' dir='ltr'>praecepi</span> <span class='ocrx_word' id='word_1_54' title='bbox 994 1769 1039 1828; x_wconf 92' lang='lat' dir='ltr'>ut</span> <span class='ocrx_word' id='word_1_55' title='bbox 1074 1751 1243 1834; x_wconf 88' lang='lat' dir='ltr'>vestram</span> 
     </span>
     <span class='ocr_line' id='line_1_12' title="bbox 87 1861 1242 1974; baseline 0.003 -34"><span class='ocrx_word' id='word_1_56' title='bbox 87 1889 249 1970; x_wconf 89' lang='lat' dir='ltr'>quoque</span> <span class='ocrx_word' id='word_1_57' title='bbox 270 1862 542 1940; x_wconf 89' lang='lat' dir='ltr'>Eminentiam</span> <span class='ocrx_word' id='word_1_58' title='bbox 561 1861 699 1955; x_wconf 88' lang='lat' dir='ltr'>adiret,</span> <span class='ocrx_word' id='word_1_59' title='bbox 720 1888 889 1969; x_wconf 90' lang='lat' dir='ltr'>meoque</span> <span class='ocrx_word' id='word_1_60' title='bbox 909 1863 1070 1941; x_wconf 90' lang='lat' dir='ltr'>nomine</span> <span class='ocrx_word' id='word_1_61' title='bbox 1089 1883 1129 1942; x_wconf 93' lang='lat' dir='ltr'>et</span> <span class='ocrx_word' id='word_1_62' title='bbox 1150 1864 1242 1974; x_wconf 88' lang='lat' dir='ltr'>plu·</span> 
     </span>
     <span class='ocr_line' id='line_1_13' title="bbox 86 1973 1241 2086; baseline 0.003 -33"><span class='ocrx_word' id='word_1_63' title='bbox 86 1977 232 2053; x_wconf 90' lang='lat' dir='ltr'>rimam</span> <span class='ocrx_word' id='word_1_64' title='bbox 252 1973 415 2052; x_wconf 91' lang='lat' dir='ltr'>salutem</span> <span class='ocrx_word' id='word_1_65' title='bbox 436 1973 554 2064; x_wconf 92' lang='lat' dir='ltr'>dicat,</span> <span class='ocrx_word' id='word_1_66' title='bbox 571 1993 611 2053; x_wconf 94' lang='lat' dir='ltr'>et</span> <span class='ocrx_word' id='word_1_67' title='bbox 630 1973 772 2080; x_wconf 84' lang='lat' dir='ltr'>gratias</span> <span class='ocrx_word' id='word_1_68' title='bbox 788 1973 898 2054; x_wconf 87' lang='lat' dir='ltr'>vobis</span> <span class='ocrx_word' id='word_1_69' title='bbox 917 1994 1020 2080; x_wconf 87' lang='lat' dir='ltr'>agat,</span> <span class='ocrx_word' id='word_1_70' title='bbox 1040 1976 1150 2082; x_wconf 86' lang='lat' dir='ltr'>cujus</span> <span class='ocrx_word' id='word_1_71' title='bbox 1170 2006 1241 2086; x_wconf 91' lang='lat' dir='ltr'>po·</span> 
     </span>
     <span class='ocr_line' id='line_1_14' title="bbox 85 2084 1241 2195; baseline 0.002 -29"><span class='ocrx_word' id='word_1_72' title='bbox 85 2086 279 2167; x_wconf 88' lang='lat' dir='ltr'>tiffimum</span> <span class='ocrx_word' id='word_1_73' title='bbox 300 2085 392 2177; x_wconf 89' lang='lat' dir='ltr'>fide,</span> <span class='ocrx_word' id='word_1_74' title='bbox 407 2084 629 2194; x_wconf 67' lang='lat' dir='ltr'>prudentia,</span> <span class='ocrx_word' id='word_1_75' title='bbox 643 2084 847 2191; x_wconf 68' lang='lat' dir='ltr'>vigilantia</span> <span class='ocrx_word' id='word_1_76' title='bbox 864 2084 1085 2195; x_wconf 74' lang='lat' dir='ltr'>perfectum</span> <span class='ocrx_word' id='word_1_77' title='bbox 1105 2088 1175 2182; x_wconf 91' lang='lat' dir='ltr'>est,</span> <span class='ocrx_word' id='word_1_78' title='bbox 1197 2108 1241 2168; x_wconf 93' lang='lat' dir='ltr'>ut</span> 
     </span>
     <span class='ocr_line' id='line_1_15' title="bbox 86 2197 1239 2306; baseline 0.001 -28"><span class='ocrx_word' id='word_1_79' title='bbox 86 2227 147 2278; x_wconf 87' lang='lat' dir='ltr'>res</span> <span class='ocrx_word' id='word_1_80' title='bbox 169 2198 323 2278; x_wconf 90' lang='lat' dir='ltr'>Gallica</span> <span class='ocrx_word' id='word_1_81' title='bbox 344 2217 424 2276; x_wconf 92' lang='lat' dir='ltr'>tam</span> <span class='ocrx_word' id='word_1_82' title='bbox 445 2197 600 2276; x_wconf 86' lang='lat' dir='ltr'>diverfis</span> <span class='ocrx_word' id='word_1_83' title='bbox 625 2197 664 2275; x_wconf 91' lang='lat' dir='ltr'>in</span> <span class='ocrx_word' id='word_1_84' title='bbox 692 2198 881 2305; x_wconf 70' lang='lat' dir='ltr'>partibuu</span> <span class='ocrx_word' id='word_1_85' title='bbox 901 2216 942 2277; x_wconf 88' lang='lat' dir='ltr'>et</span> <span class='ocrx_word' id='word_1_86' title='bbox 969 2199 1178 2306; x_wconf 87' lang='lat' dir='ltr'>praesertim</span> <span class='ocrx_word' id='word_1_87' title='bbox 1199 2201 1239 2278; x_wconf 90' lang='lat' dir='ltr'>in</span> 
     </span>
     <span class='ocr_line' id='line_1_16' title="bbox 84 2307 1240 2417; baseline 0.001 -28"><span class='ocrx_word' id='word_1_88' title='bbox 84 2311 216 2393; x_wconf 69' lang='lat' dir='ltr'>vicina</span> <span class='ocrx_word' id='word_1_89' title='bbox 229 2311 263 2390; x_wconf 92' lang='lat' dir='ltr'>F</span> <span class='ocrx_word' id='word_1_90' title='bbox 265 2309 412 2388; x_wconf 68' lang='lat' dir='ltr'>landria</span> <span class='ocrx_word' id='word_1_91' title='bbox 426 2327 561 2387; x_wconf 90' lang='lat' dir='ltr'>contra</span> <span class='ocrx_word' id='word_1_92' title='bbox 572 2308 797 2417; x_wconf 89' lang='lat' dir='ltr'>Hispanum</span> <span class='ocrx_word' id='word_1_93' title='bbox 813 2307 966 2387; x_wconf 88' lang='lat' dir='ltr'><strong>hostem</strong></span> <span class='ocrx_word' id='word_1_94' title='bbox 982 2337 1240 2390; x_wconf 91' lang='lat' dir='ltr'>communem</span> 
     </span>
     <span class='ocr_line' id='line_1_17' title="bbox 86 2417 1237 2532; baseline 0.001 -30"><span class='ocrx_word' id='word_1_95' title='bbox 86 2442 170 2502; x_wconf 91' lang='lat' dir='ltr'>tam</span> <span class='ocrx_word' id='word_1_96' title='bbox 186 2419 367 2532; x_wconf 68' lang='lat' dir='ltr'>prospere</span> <span class='ocrx_word' id='word_1_97' title='bbox 380 2440 560 2528; x_wconf 87' lang='lat' dir='ltr'>geratur:</span> <span class='ocrx_word' id='word_1_98' title='bbox 583 2417 697 2528; x_wconf 74' lang='lat' dir='ltr'>aquo</span> <span class='ocrx_word' id='word_1_99' title='bbox 713 2447 817 2500; x_wconf 90' lang='lat' dir='ltr'>nunc</span> <span class='ocrx_word' id='word_1_100' title='bbox 831 2421 1023 2514; x_wconf 89' lang='lat' dir='ltr'>celeriter,</span> <span class='ocrx_word' id='word_1_101' title='bbox 1037 2422 1096 2501; x_wconf 92' lang='lat' dir='ltr'>uti</span> <span class='ocrx_word' id='word_1_102' title='bbox 1112 2423 1237 2532; x_wconf 82' lang='lat' dir='ltr'>spem,</span> 
     </span>
     <span class='ocr_line' id='line_1_18' title="bbox 84 2531 1237 2640; baseline -0.001 -26"><span class='ocrx_word' id='word_1_103' title='bbox 84 2533 270 2614; x_wconf 86' lang='lat' dir='ltr'>fraudum</span> <span class='ocrx_word' id='word_1_104' title='bbox 302 2553 342 2612; x_wconf 93' lang='lat' dir='ltr'>et</span> <span class='ocrx_word' id='word_1_105' title='bbox 374 2533 614 2624; x_wconf 68' lang='lat' dir='ltr'>infimarum,</span> <span class='ocrx_word' id='word_1_106' title='bbox 643 2531 786 2640; x_wconf 91' lang='lat' dir='ltr'>quibus</span> <span class='ocrx_word' id='word_1_107' title='bbox 818 2532 853 2610; x_wconf 94' lang='lat' dir='ltr'>se</span> <span class='ocrx_word' id='word_1_108' title='bbox 886 2535 1060 2612; x_wconf 86' lang='lat' dir='ltr'>maxime</span> <span class='ocrx_word' id='word_1_109' title='bbox 1093 2553 1237 2629; x_wconf 86' lang='lat' dir='ltr'>tuetur,</span> 
     </span>
     <span class='ocr_line' id='line_1_19' title="bbox 83 2645 1239 2757; baseline 0 -31"><span class='ocrx_word' id='word_1_110' title='bbox 83 2666 218 2757; x_wconf 89' lang='lat' dir='ltr'>aperta</span> <span class='ocrx_word' id='word_1_111' title='bbox 237 2664 354 2754; x_wconf 94' lang='lat' dir='ltr'>atque</span> <span class='ocrx_word' id='word_1_112' title='bbox 371 2663 518 2724; x_wconf 90' lang='lat' dir='ltr'>armata</span> <span class='ocrx_word' id='word_1_113' title='bbox 534 2645 656 2724; x_wconf 90' lang='lat' dir='ltr'>virtus</span> <span class='ocrx_word' id='word_1_114' title='bbox 675 2671 808 2752; x_wconf 89' lang='lat' dir='ltr'>poenas</span> <span class='ocrx_word' id='word_1_115' title='bbox 825 2645 998 2754; x_wconf 86' lang='lat' dir='ltr'>reposcet</span> <span class='ocrx_word' id='word_1_116' title='bbox 1015 2676 1025 2725; x_wconf 74' lang='grc' dir='ltr'><strong>ε</strong></span> <span class='ocrx_word' id='word_1_117' title='bbox 1056 2648 1163 2753; x_wconf 93' lang='lat' dir='ltr'>quod</span> <span class='ocrx_word' id='word_1_118' title='bbox 1180 2649 1239 2727; x_wconf 93' lang='lat' dir='ltr'>uti</span> 
     </span>
     <span class='ocr_line' id='line_1_20' title="bbox 81 2753 1237 2866; baseline 0.001 -27"><span class='ocrx_word' id='word_1_119' title='bbox 81 2759 154 2840; x_wconf 89' lang='lat' dir='ltr'>fiat</span> <span class='ocrx_word' id='word_1_120' title='bbox 172 2753 293 2865; x_wconf 71' lang='lat' dir='ltr'>quim</span> <span class='ocrx_word' id='word_1_121' title='bbox 312 2754 508 2849; x_wconf 75' lang='lat' dir='ltr'>citiffime,</span> <span class='ocrx_word' id='word_1_122' title='bbox 524 2784 593 2836; x_wconf 92' lang='lat' dir='ltr'>nos</span> <span class='ocrx_word' id='word_1_123' title='bbox 613 2775 718 2836; x_wconf 89' lang='lat' dir='ltr'>certe</span> <span class='ocrx_word' id='word_1_124' title='bbox 738 2784 865 2865; x_wconf 90' lang='lat' dir='ltr'>neque</span> <span class='ocrx_word' id='word_1_125' title='bbox 885 2759 1024 2866; x_wconf 87' lang='lat' dir='ltr'>copiis,</span> <span class='ocrx_word' id='word_1_126' title='bbox 1045 2780 1237 2865; x_wconf 89' lang='lat' dir='ltr'>quantum</span> 
     </span>
     <span class='ocr_line' id='line_1_21' title="bbox 82 2869 792 2981; baseline -0.004 -30"><span class='ocrx_word' id='word_1_127' title='bbox 82 2872 447 2981; x_wconf 80' lang='lat' dir='ltr'>poffumus‚.neque</span> <span class='ocrx_word' id='word_1_128' title='bbox 462 2869 562 2949; x_wconf 84' lang='lat' dir='ltr'>votis</span> <span class='ocrx_word' id='word_1_129' title='bbox 581 2869 792 2949; x_wconf 89' lang='lat' dir='ltr'>deerimus.</span> 
     </span>
    </p>
   </div>
   <div class='ocr_carea' id='block_1_8' title="bbox 142 2979 797 3201">
    <p class='ocr_par' dir='ltr' id='par_1_8' title="bbox 142 2979 797 3201">
     <span class='ocr_line' id='line_1_22' title="bbox 142 2979 797 3091; baseline -0.008 -26"><span class='ocrx_word' id='word_1_130' title='bbox 142 2981 449 3091; x_wconf 63' lang='lat' dir='ltr'>Westmoncsserio</span> <span class='ocrx_word' id='word_1_131' title='bbox 467 3011 513 3061; x_wconf 87' lang='lat' dir='ltr'>ex</span> <span class='ocrx_word' id='word_1_132' title='bbox 531 2981 642 3061; x_wconf 71' lang='lat' dir='ltr'>Aule</span> <span class='ocrx_word' id='word_1_133' title='bbox 660 2979 797 3089; x_wconf 71' lang='grc' dir='ltr'><em>ηοβνᾶ,</em></span> 
     </span>
     <span class='ocr_line' id='line_1_23' title="bbox 301 3094 631 3201; baseline -0.009 -26"><span class='ocrx_word' id='word_1_134' title='bbox 301 3094 408 3175; x_wconf 80' lang='lat' dir='ltr'>Maii</span> <span class='ocrx_word' id='word_1_135' title='bbox 421 3124 485 3174; x_wconf 85' lang='lat' dir='ltr'>an.</span> <span class='ocrx_word' id='word_1_136' title='bbox 513 3094 631 3201; x_wconf 82' lang='lat'>1658.</span> 
     </span>
    </p>
   </div>
   <div class='ocr_carea' id='block_1_9' title="bbox 83 3464 1234 3695">
    <p class='ocr_par' dir='ltr' id='par_1_9' title="bbox 83 3464 1234 3695">
     <span class='ocr_line' id='line_1_24' title="bbox 83 3464 1234 3578; baseline -0.008 -25"><span class='ocrx_word' id='word_1_137' title='bbox 83 3473 287 3555; x_wconf 89' lang='lat' dir='ltr'>Olivetius</span> <span class='ocrx_word' id='word_1_138' title='bbox 325 3475 522 3552; x_wconf 66' lang='lat' dir='ltr'>protector</span> <span class='ocrx_word' id='word_1_139' title='bbox 557 3470 665 3578; x_wconf 87' lang='lat' dir='ltr'>Reip.</span> <span class='ocrx_word' id='word_1_140' title='bbox 706 3466 876 3573; x_wconf 85' lang='lat' dir='ltr'>Anglice,</span> <span class='ocrx_word' id='word_1_141' title='bbox 908 3465 985 3546; x_wconf 64' lang='lat' dir='ltr'>&amp;a</span> <span class='ocrx_word' id='word_1_142' title='bbox 1016 3464 1148 3547; x_wconf 83' lang='lat' dir='ltr'>Sereni</span> <span class='ocrx_word' id='word_1_143' title='bbox 1180 3494 1234 3546; x_wconf 84' lang='lat' dir='ltr'>mo</span> 
     </span>
     <span class='ocr_line' id='line_1_25' title="bbox 155 3578 1156 3695; baseline -0.011 -28"><span class='ocrx_word' id='word_1_144' title='bbox 155 3615 202 3666; x_wconf 89' lang='lat' dir='ltr'>ae</span> <span class='ocrx_word' id='word_1_145' title='bbox 213 3585 449 3695; x_wconf 83' lang='lat' dir='ltr'>potentiffimo</span> <span class='ocrx_word' id='word_1_146' title='bbox 470 3581 647 3690; x_wconf 85' lang='lat' dir='ltr'>Principi</span> <span class='ocrx_word' id='word_1_147' title='bbox 661 3579 865 3659; x_wconf 92' lang='lat' dir='ltr'>Ludovico</span> <span class='ocrx_word' id='word_1_148' title='bbox 889 3578 1026 3659; x_wconf 71' lang='lat' dir='ltr'>Gallia</span> <span class='ocrx_word' id='word_1_149' title='bbox 1046 3579 1156 3686; x_wconf 85' lang='lat' dir='ltr'>Regi.</span> 
     </span>
    </p>
   </div>
   <div class='ocr_carea' id='block_1_10' title="bbox 76 3739 1232 4315">
    <p class='ocr_par' dir='ltr' id='par_1_10' title="bbox 76 3739 1232 4315">
     <span class='ocr_line' id='line_1_26' title="bbox 79 3739 978 3852; baseline -0.009 -26"><span class='ocrx_word' id='word_1_150' title='bbox 79 3744 326 3827; x_wconf 85' lang='lat' dir='ltr'>Sereniffime</span> <span class='ocrx_word' id='word_1_151' title='bbox 346 3742 686 3852; x_wconf 88' lang='lat' dir='ltr'>potentiffimeque</span> <span class='ocrx_word' id='word_1_152' title='bbox 708 3740 814 3831; x_wconf 85' lang='lat' dir='ltr'>Rex,</span> <span class='ocrx_word' id='word_1_153' title='bbox 834 3739 978 3819; x_wconf 89' lang='lat' dir='ltr'>Amice</span> 
     </span>
     <span class='ocr_line' id='line_1_27' title="bbox 193 3852 770 3961; baseline -0.012 -25"><span class='ocrx_word' id='word_1_154' title='bbox 193 3883 238 3935; x_wconf 93' lang='lat' dir='ltr'>ac</span> <span class='ocrx_word' id='word_1_155' title='bbox 258 3857 292 3936; x_wconf 93' lang='lat' dir='ltr'><strong>F</strong></span> <span class='ocrx_word' id='word_1_156' title='bbox 294 3857 462 3936; x_wconf 88' lang='lat' dir='ltr'>oederate</span> <span class='ocrx_word' id='word_1_157' title='bbox 482 3852 770 3961; x_wconf 80' lang='lat' dir='ltr'>augustiffime3</span> 
     </span>
     <span class='ocr_line' id='line_1_28' title="bbox 188 3970 1232 4078; baseline -0.008 -19"><span class='ocrx_word' id='word_1_158' title='bbox 188 3981 228 4059; x_wconf 93' lang='lat' dir='ltr'>T</span> <span class='ocrx_word' id='word_1_159' title='bbox 258 3981 483 4061; x_wconf 89' lang='lat' dir='ltr'>nuntiatum</span> <span class='ocrx_word' id='word_1_160' title='bbox 511 3978 568 4058; x_wconf 91' lang='lat' dir='ltr'>est</span> <span class='ocrx_word' id='word_1_161' title='bbox 589 3974 732 4056; x_wconf 83' lang='lat' dir='ltr'>veniffe</span> <span class='ocrx_word' id='word_1_162' title='bbox 764 3974 804 4052; x_wconf 89' lang='lat' dir='ltr'>in</span> <span class='ocrx_word' id='word_1_163' title='bbox 832 3972 953 4053; x_wconf 87' lang='lat' dir='ltr'>castra</span> <span class='ocrx_word' id='word_1_164' title='bbox 980 3970 1232 4078; x_wconf 84' lang='lat' dir='ltr'>Majestatem</span> 
     </span>
     <span class='ocr_line' id='line_1_29' title="bbox 216 4083 1232 4198; baseline -0.011 -24"><span class='ocrx_word' id='word_1_165' title='bbox 216 4094 397 4187; x_wconf 86' lang='lat' dir='ltr'>vestram,</span> <span class='ocrx_word' id='word_1_166' title='bbox 412 4091 601 4198; x_wconf 88' lang='lat' dir='ltr'>tantisque</span> <span class='ocrx_word' id='word_1_167' title='bbox 614 4088 739 4196; x_wconf 85' lang='lat' dir='ltr'>copiis</span> <span class='ocrx_word' id='word_1_168' title='bbox 758 4083 905 4165; x_wconf 89' lang='lat' dir='ltr'>infame</span> <span class='ocrx_word' id='word_1_169' title='bbox 921 4084 1021 4164; x_wconf 93' lang='lat' dir='ltr'>illud</span> <span class='ocrx_word' id='word_1_170' title='bbox 1036 4085 1232 4194; x_wconf 90' lang='lat' dir='ltr'>oppidum</span> 
     </span>
     <span class='ocr_line' id='line_1_30' title="bbox 76 4195 1231 4315; baseline -0.008 -32"><span class='ocrx_word' id='word_1_171' title='bbox 76 4205 295 4315; x_wconf 88' lang='lat' dir='ltr'>piratarum</span> <span class='ocrx_word' id='word_1_172' title='bbox 307 4226 425 4314; x_wconf 90' lang='lat' dir='ltr'>atque</span> <span class='ocrx_word' id='word_1_173' title='bbox 437 4204 586 4312; x_wconf 88' lang='lat' dir='ltr'>asylum</span> <span class='ocrx_word' id='word_1_174' title='bbox 600 4198 843 4281; x_wconf 82' lang='lat' dir='ltr'>Dunkirkam</span> <span class='ocrx_word' id='word_1_175' title='bbox 854 4195 1053 4290; x_wconf 84' lang='lat' dir='ltr'>obsediffe‚</span> <span class='ocrx_word' id='word_1_176' title='bbox 1066 4216 1106 4275; x_wconf 92' lang='lat' dir='ltr'>et</span> <span class='ocrx_word' id='word_1_177' title='bbox 1118 4221 1231 4303; x_wconf 89' lang='lat' dir='ltr'>mag-</span> 
     </span>
    </p>
   </div>
   <div class='ocr_carea' id='block_1_11' title="bbox 75 4306 1233 4535">
    <p class='ocr_par' dir='ltr' id='par_1_11' title="bbox 75 4306 1233 4535">
     <span class='ocr_line' id='line_1_31' title="bbox 78 4306 1231 4428; baseline -0.01 -30"><span class='ocrx_word' id='word_1_178' title='bbox 78 4345 173 4399; x_wconf 89' lang='lat' dir='ltr'>nam</span> <span class='ocrx_word' id='word_1_179' title='bbox 206 4321 295 4427; x_wconf 91' lang='lat' dir='ltr'>cepi</span> <span class='ocrx_word' id='word_1_180' title='bbox 325 4319 586 4428; x_wconf 90' lang='lat' dir='ltr'>voluptatem,</span> <span class='ocrx_word' id='word_1_181' title='bbox 614 4331 653 4391; x_wconf 95' lang='lat' dir='ltr'>et</span> <span class='ocrx_word' id='word_1_182' title='bbox 683 4309 791 4418; x_wconf 89' lang='lat' dir='ltr'>spem</span> <span class='ocrx_word' id='word_1_183' title='bbox 822 4329 987 4403; x_wconf 91' lang='lat' dir='ltr'>certam,</span> <span class='ocrx_word' id='word_1_184' title='bbox 1013 4306 1097 4388; x_wconf 87' lang='lat' dir='ltr'>fore</span> <span class='ocrx_word' id='word_1_185' title='bbox 1125 4333 1231 4387; x_wconf 89' lang='lat' dir='ltr'>nunc</span> 
     </span>
     <span class='ocr_line' id='line_1_32' title="bbox 75 4417 1233 4535; baseline -0.009 -25"><span class='ocrx_word' id='word_1_186' title='bbox 75 4430 202 4524; x_wconf 89' lang='lat' dir='ltr'>brevi,</span> <span class='ocrx_word' id='word_1_187' title='bbox 223 4431 315 4512; x_wconf 90' lang='lat' dir='ltr'>Deo</span> <span class='ocrx_word' id='word_1_188' title='bbox 334 4430 433 4510; x_wconf 92' lang='lat' dir='ltr'>bene</span> <span class='ocrx_word' id='word_1_189' title='bbox 455 4430 631 4535; x_wconf 88' lang='lat' dir='ltr'>juvante,</span> <span class='ocrx_word' id='word_1_190' title='bbox 654 4443 696 4503; x_wconf 92' lang='lat' dir='ltr'>ut</span> <span class='ocrx_word' id='word_1_191' title='bbox 715 4422 901 4504; x_wconf 83' lang='lat' dir='ltr'>infestum</span> <span class='ocrx_word' id='word_1_192' title='bbox 921 4417 1052 4503; x_wconf 75' lang='lat' dir='ltr'>minus</span> <span class='ocrx_word' id='word_1_193' title='bbox 1071 4417 1233 4531; x_wconf 82' lang='lat' dir='ltr'>posthac</span> 
     </span>
    </p>
   </div>
   <div class='ocr_carea' id='block_1_12' title="bbox 0 0 1482 4980">
    <p class='ocr_par' dir='ltr' id='par_1_12' title="bbox 0 0 1482 4980">
     <span class='ocr_line' id='line_1_33' title="bbox 0 0 1482 4980; baseline 0 5"><span class='ocrx_word' id='word_1_194' title='bbox 0 0 1482 4980; x_wconf 95' lang='lat' dir='ltr'> </span> 
     </span>
    </p>
   </div>
  </div>
 </body>
</html>
