2956 4980
166 274 242 329 112
564 231 689 324 Artis
717 231 942 359 Logica.
1107 238 1215 335 Lib.
1239 279 1276 335 2.

159 408 382 519 praedicato.
442 406 518 486 Sed
539 403 678 484 frustra
705 402 805 484 hanc
827 406 1005 515 regulam
1026 414 1127 494 ratio
1144 414 1310 507 dietant,

160 521 187 599 fi
207 521 367 627 Logicis
386 516 620 629 quibusdam
638 517 850 612 modernis,
871 539 911 600 et
930 523 1169 607 nominatim
1190 528 1310 607 Keck·

159 662 329 713 ermanno
361 631 510 725 licebit,
538 656 626 709 eam
659 629 804 723 statim,
829 630 998 715 conflato
1030 638 1078 717 ad
1112 638 1153 719 id
1185 637 1310 749 ipsum

159 773 323 837 canone,
349 742 525 824 funditus
551 760 738 820 evertere.
800 744 1019 850 Excluſsva,
1054 750 1201 858 inquit,
1218 748 1312 858 sub—

148 857 253 962 jeHi·
264 885 332 936 non
346 855 508 935 excludit
523 852 830 934 concomitantia:
861 856 1033 964 ut‚solus
1044 878 1164 971 pater
1183 863 1312 971 estve·

158 998 227 1048 rus
250 971 371 1049 Deus.
431 968 512 1047 Htc
540 966 685 1073 inquit,
716 994 785 1046 non
816 968 1029 1051 excluditur
1059 974 1313 1067 concomitans,

147 1081 274 1188 filius,
295 1098 332 1160 et
345 1079 511 1187 spiritus
522 1076 696 1184 fiontius.
756 1079 814 1157 At
832 1082 921 1187 quis
947 1110 1026 1164 non
1045 1085 1154 1166 videt
1181 1085 1313 1167 subor-

162 1210 301 1272 natum
325 1188 432 1270 hunc
451 1217 657 1281 canonem,
677 1189 726 1268 ad
753 1189 886 1271 locum
914 1192 1030 1275 illum
1056 1197 1313 1278 luculentiffi-

161 1332 290 1397 mum,
307 1303 428 1410 Joan.
451 1327 513 1409 17.
535 1328 573 1406 3.
595 1299 892 1382 ludificandum.
953 1307 1076 1389 Haud
1096 1310 1219 1419 pauli)
1238 1311 1315 1392 uti·

159 1418 235 1497 lior
269 1416 325 1495 est
359 1443 484 1495 canon
515 1414 581 1493 ille
615 1411 836 1494 restridtivae
869 1421 1165 1517 enuntiationis,
1194 1450 1313 1532 quem

162 1529 343 1610 traditi.
368 1553 405 1607 2.
426 1555 464 1607 c.
485 1552 524 1628 4.
547 1524 777 1631 (restrietiva
802 1546 935 1607 autem
960 1532 1016 1611 est
1042 1561 1130 1642 quae
1148 1534 1314 1614 ostendit

161 1660 352 1751 quatenus
373 1639 587 1745 subjeetum
608 1638 814 1744 praedicato
833 1643 1033 1750 convenit)
1047 1644 1312 1752 praedicatum,

161 1754 305 1861 inquit,
336 1749 660 1832 contradictoriam
678 1750 784 1829 nulla
804 1750 1018 1834 limitatione
1030 1754 1205 1864 stabjecio
1230 1788 1314 1838 eon-

162 1864 348 1955 ciliatur;
379 1891 430 1943 ex
450 1861 609 1970 Aristot.
641 1887 679 1939 2.
707 1879 782 1969 top.
811 1891 848 1943 c.
881 1865 953 1944 ult.
975 1867 1078 1947 seer.
1099 1896 1142 1973 4.
1205 1870 1313 1979 Qrid

162 1975 381 2056 evidentius
412 1975 492 2054 dici
522 1974 680 2082 potuit?
714 1993 754 2053 et
784 1993 917 2055 tamen
952 1982 1097 2088 reperti
1127 1980 1217 2062 sunt
1246 1983 1312 2090 qui

163 2088 397 2196 interposrtis
416 2084 649 2197 quibusdam
670 2084 1009 2184 distinetiunculis,
1032 2092 1203 2173 accidens
1223 2093 1314 2205 poffe

164 2200 314 2309 exstare
323 2200 407 2307 stne
418 2197 586 2305 subjeaio
608 2197 733 2306 (quod
752 2202 962 2309 repugnat)
983 2202 1145 2286 incana
1166 2206 1317 2287 Domini

162 2313 426 2394 contendant:
457 2309 614 2403 deinde,
634 2310 702 2418 qui
731 2309 887 2392 fimilib.
921 2313 1098 2396 confidis
1126 2317 1312 2398 distineti-

164 2426 333 2519 unculis,
353 2428 550 2505 humanam
569 2440 746 2502 naturam
768 2424 910 2533 Ctrssi
928 2424 1082 2536 adeoque
1107 2446 1241 2538 corpus
1258 2430 1312 2509 in-

150 2540 307 2648 finitum
327 2538 391 2648 effi
410 2534 662 2644 disputantes,
679 2562 815 2642 parem
833 2538 1187 2621 contradidionem
1206 2570 1312 2623 corn-

166 2652 338 2731 mittant.
399 2646 472 2725 Sed
509 2646 654 2727 omiffis
684 2645 986 2757 Theologorum
1019 2653 1242 2761 paradoxis,
1269 2653 1312 2732 ad

165 2780 357 2873 praecepta
377 2760 526 2867 Logica
547 2761 766 2839 redeamus.

233 2873 396 2953 Axioma
433 2871 667 2981 neccffarium
704 2870 931 2980 affirmatum
967 2876 1184 2985 appellatur
1221 2878 1315 2960 eard

165 2980 301 3079 marri}
315 2986 358 3067 de
375 2984 483 3066 omni.

225 3101 272 3180 Id
285 3100 354 3192 est,
370 3126 463 3178 curn
479 3095 717 3203 consequens
731 3096 806 3177 five
823 3098 1092 3206 praedicatum,
1106 3119 1152 3180 ut
1163 3122 1316 3197 vocant,

168 3212 390 3303 axiomatis,
411 3209 459 3288 de
477 3209 588 3288 omni
613 3227 652 3287 et
678 3225 761 3288 toto
781 3211 1032 3290 antecedente
1053 3211 1128 3293 five
1149 3212 1317 3321 subjecto

167 3326 319 3432 semper
345 3349 482 3401 verum
514 3321 582 3400 est.
643 3321 707 3399 Sic
738 3321 859 3401 etiarn
883 3322 1043 3431 Aristot.
1071 3350 1107 3403 1.
1133 3327 1257 3467 prior.
1283 3355 1317 3406 1.

168 3457 208 3518 et
227 3435 325 3546 post.
346 3461 380 3513 1.
395 3460 436 3536 4.
457 3451 496 3511 et
517 3431 593 3511 hoc
612 3434 732 3512 etiam
748 3460 1031 3544 nonnunquam
1050 3436 1225 3533 xadonen,
1240 3440 1269 3520 i.
1283 3466 1321 3537 e.

169 3549 211 3630 de
229 3565 318 3640 toto,
338 3564 464 3640 vocat,
487 3543 586 3652 Post.
610 3570 649 3622 2.
676 3571 738 3649 ¹3·

225 3659 429 3739 Axiomata
447 3658 588 3736 artium
599 3655 660 3760 stc
679 3652 779 3736 aava?
794 3652 925 3748 narie
942 3657 1008 3767 effe
1025 3656 1169 3741 debent.

227 3775 390 3880 Nempe
410 3769 458 3848 de
474 3770 584 3847 omni
599 3786 639 3847 et
655 3766 703 3847 de
721 3786 804 3847 toto
819 3797 923 3862 vera,
940 3796 1019 3849 non
1039 3768 1156 3865 falsa3
1191 3774 1323 3855 neces-

170 3886 277 3978 saria,
295 3911 373 3962 non
395 3881 569 3974 fortuita,
585 3881 733 3988 alioqui
754 3907 831 3957 non
851 3880 1053 3963 scientiam
1072 3884 1245 3992 pariunt,
1260 3887 1323 3968 sed

172 4000 427 4106 opinionem;
449 3993 640 4072 affirmata
660 3994 846 4099 denique,
860 4021 938 4073 non
953 4014 1119 4103 negata:
1149 3998 1325 4079 affirma·

171 4130 259 4191 tum
278 4108 387 4188 enim
406 4106 461 4185 est
481 4105 658 4197 firmum,
685 4123 853 4198 certum,
879 4104 1174 4203 breviffimum3
1206 4136 1326 4217 nega·

173 4244 260 4304 tum
279 4216 372 4301 veri>
400 4216 455 4296 est
474 4244 635 4324 vagum,
665 4218 874 4310 incertum,
900 4217 1117 4314 infinitum,
1144 4220 1325 4331 nihilque

170 4338 308 4418 docet:
341 4350 386 4409 ut
410 4330 438 4408 fi
465 4331 553 4437 quis
577 4328 756 4408 definiret
776 4329 984 4437 Logicam,
1006 4358 1084 4411 non
1104 4332 1181 4413 effe
1200 4353 1324 4415 artem

171 4451 270 4529 bene
290 4441 494 4551 loquendi,
511 4468 588 4519 non
609 4442 767 4522 doceret
785 4442 881 4550 quid
902 4443 1051 4551 Logica
1071 4442 1132 4539 fit,
1145 4444 1211 4529 sed
1229 4446 1322 4557 quid
