2956 4980
247 344 249 349 ,
283 237 448 334 Literae
474 234 701 336 Richardi
726 240 1015 335 Protedioris.
1135 256 1214 356 '337

66 406 203 501 destirl,
230 404 403 515 ingenio,
425 411 601 491 doctrina
628 413 849 522 praeditum,
873 413 1050 491 moribus
1076 408 1216 489 suavis-

65 518 173 598 fimis
193 522 344 600 nemini
367 549 445 602 non
470 520 649 617 charum,
676 543 729 617 et,
755 525 862 631 quod
886 551 991 603 nunc
1017 541 1135 630 caput
1158 521 1215 601 rei

66 630 137 723 est,
164 629 234 709 sub
259 633 375 740 signis
393 633 609 741 Majessatis
631 635 769 741 Vestra
795 635 938 715 virtute
965 634 1106 713 bellici
1131 651 1215 713 toto

65 742 161 820 orbe
181 761 373 824 terrarum
392 745 665 825 florentiffimae
684 747 769 851 jam
792 747 860 825 diu
884 747 1026 825 mereri
1049 746 1214 853 cupien-

66 871 164 933 tem.
224 854 436 964 Velimque
454 857 504 936 fic
519 856 661 938 habeat
674 857 854 963 Majestas
865 858 1007 964 Vestra,
1024 855 1213 963 quicquid

65 961 267 1045 huicViro
283 970 456 1047 muneris
471 968 726 1061 commiserit,
738 971 778 1047 in
791 996 871 1074 quo
885 967 994 1063 fides,
1009 966 1213 1060 fortitude,

65 1078 309 1183 experientia
321 1079 494 1159 constare
511 1081 573 1160 vel
586 1082 707 1160 etiam
722 1082 931 1188 praelucere
944 1079 1071 1189 poffit,
1087 1106 1214 1186 neque

66 1185 236 1268 fideliori
259 1216 386 1298 neque
415 1189 584 1286 fortiori,
614 1219 686 1271 nec
716 1190 830 1270 facile
859 1193 1039 1301 peritiori
1058 1190 1160 1299 polle
1178 1190 1215 1269 se

67 1300 283 1407 quicquam
302 1303 566 1382 committere.
613 1309 713 1414 Qae
731 1322 866 1383 autem
884 1331 958 1409 ego
978 1303 1037 1381 illi
1057 1303 1215 1409 negotia

67 1410 212 1492 dedero
230 1415 559 1495 communicanda
581 1416 721 1522 Vestra
739 1413 946 1521 Majestati‚
964 1414 1005 1492 in
1025 1414 1072 1491 iis
1092 1441 1214 1521 expe-

66 1520 197 1602 ditum
216 1524 383 1619 aditum,
409 1553 543 1605 aurem
569 1526 780 1632 benignam
799 1526 895 1604 velit
914 1551 1010 1629 rogo
1029 1524 1213 1632 ptaebere,

65 1659 233 1743 eamque
245 1634 508 1743 fidem,quam
518 1636 800 1744 nobismetipsis
812 1633 946 1715 coram
958 1633 1087 1714 fuiffet
1099 1634 1214 1715 habi·
1260 1730 1262 1736 ‚

64 1761 177 1839 tura;
204 1774 299 1825 eum
318 1749 488 1854 denique
507 1746 715 1840 honorem,
737 1775 859 1854 quem
882 1747 950 1826 tali
968 1747 1053 1825 viro
1078 1766 1119 1827 et
1137 1746 1213 1826 suis

66 1857 217 1936 meritis
227 1858 401 1938 etnostra
410 1859 751 1939 commendatione
760 1858 998 1938 ornatiffimo
1008 1858 1215 1937 convenire

59 1966 310 2071 judicaverit.
369 1969 480 2050 Deus
492 1999 552 2050 res
564 1972 704 2050 vestras
716 1969 765 2048 ad
777 1969 945 2076 gloriam
962 1968 1070 2048 suam
1081 1987 1122 2047 et
1136 1970 1215 2047 Or.-

66 2077 235 2158 tlrodoxae
252 2080 425 2184 Ecclestae
444 2082 663 2189 praesrdium
684 2080 792 2162 felici
812 2081 923 2161 exitu
943 2079 1129 2160 fortunet.

154 2188 460 2301 Westmonasteria
478 2221 523 2271 ex
541 2195 650 2273 Aula
668 2193 804 2302 mellea,
863 2294 865 2299 7

290 2303 348 2384 die
370 2302 498 2383 ottob.
526 2305 573 2384 16
578 2304 645 2413 58.

67 2682 290 2765 Richardus
316 2686 514 2765 Protenor
545 2683 653 2790 Reip.
682 2685 850 2790 Angliae,
885 2683 964 2764 &a
999 2684 1131 2762 Sereni
1163 2713 1217 2763 mo

122 2794 434 2905 Potentfflmoque
449 2794 623 2901 Principi
638 2795 782 2874 Carolo
796 2795 985 2888 Gustare,
1004 2797 1215 2888 Suecarum,

127 2909 343 3000 Gothorum,
366 2905 699 3014 Vandalorumque,
720 2905 832 3011 Regi,
857 2906 935 2985 &a

69 3067 311 3145 Sereniffime
331 3066 678 3172 Potentiffimeque
701 3067 803 3159 Rex,
821 3067 964 3144 Amice
981 3094 1025 3144 ac

305 3179 339 3256 F
339 3178 507 3257 oederate
529 3176 788 3271 Chariffime3

174 3306 302 3385 Etulit
332 3305 379 3383 ad
408 3333 477 3383 nos
508 3333 578 3413 per
608 3304 788 3383 libellum
823 3304 1041 3414 supplicem
1069 3303 1221 3384 Samuel

202 3417 418 3524 Piggottus,
432 3415 668 3521 Londinerfis
680 3417 895 3508 Mercator,
910 3415 947 3494 se
960 3442 1084 3525 nuper
1100 3443 1214 3495 naves

66 3525 161 3605 duas
185 3527 371 3634 (quarum
396 3526 506 3606 alteri
526 3554 670 3605 nomen
696 3526 826 3635 Postae,
851 3526 1035 3633 magister
1058 3522 1215 3606 Tiddeus

66 3635 261 3743 Jacabus,·
287 3639 398 3717 alteri
420 3634 498 3717 The
520 3639 781 3744 Water-Dog,
803 3638 986 3743 magister
1010 3636 1219 3717 Garbrand

67 3747 229 3850 Peterr)
248 3749 413 3829 Londina
432 3750 472 3826 in
497 3749 658 3829 Galliam
678 3749 904 3854 negotiandi
920 3747 1031 3827 causa
1051 3746 1211 3840 mififfe3

68 3886 130 3938 eas
146 3860 237 3939 inde
258 3860 332 3939 sale
352 3859 505 3941 onustas
518 3857 829 3966 Amsteradamum
848 3858 1006 3966 petiffe3
1024 3858 1212 3963 Amstero-

65 3969 169 4049 dame
186 3971 350 4050 alteram
369 3970 523 4050 saburrl
543 3967 712 4062 tanti1m,
739 3969 899 4047 alteram
925 3966 1059 4046 halece
1080 3967 1212 4076 impo-

66 4080 152 4160 fitas
164 4082 274 4188 cujus
286 4110 380 4161 curn
394 4085 511 4161 Petra
522 4081 695 4189 quodam
706 4076 932 4186 Heinsbergo
943 4079 1113 4157 Societas
1130 4097 1213 4157 erat

65 4193 106 4270 in
127 4219 234 4272 mare
254 4189 445 4273 Balticiem
461 4193 645 4272 Stetinum
664 4190 782 4297 usque
800 4188 1045 4281 Pomeraniae,
1066 4217 1151 4296 quae
1170 4189 1212 4267 in

62 4302 188 4383 vestra
207 4304 357 4384 ditione
377 4302 446 4396 est,
468 4304 515 4382 ad
535 4302 812 4412 exponendam
831 4301 912 4379 illic
936 4298 1114 4380 halecem
1142 4326 1213 4376 na-

63 4414 230 4521 vigaffe3
252 4412 391 4508 veriam
412 4414 591 4523 utrasque
611 4412 723 4493 hasce
742 4440 858 4493 naves
876 4410 1061 4521 accepiffe
1081 4410 1119 4489 se
1138 4410 1213 4490 ali-
