2956 4980
170 241 225 347 76
581 224 707 319 Artis
734 225 918 353 Logicae
1120 222 1228 321 Lib.
1251 266 1287 321 r.

229 399 441 506 Conjugata
452 399 551 506 sunt
569 399 714 479 nomina
731 397 780 479 ab
798 399 913 480 eodem
930 398 1116 509 principio
1133 401 1246 481 varii
1262 400 1322 481 de·

168 510 295 592 duna.
341 514 392 593 Ut
404 512 568 618 justitia,
584 511 726 617 justus,
740 510 857 617 juste.
897 510 1115 618 Aristoteles
1133 530 1176 593 et
1195 514 1323 593 Cicero

166 625 390 733 conjugata,
412 626 494 718 ille,
515 624 676 703 nomina
703 622 877 730 ejusdem
898 622 1211 731 conjugationi83
1242 623 1321 721 hic,

169 736 341 863 ejusdem
357 738 509 844 generis
526 735 599 815 esse
616 736 865 816 definitiunt:
896 733 960 816 sed
980 762 1109 845 neque
1129 737 1198 818 ille
1218 741 1324 845 quast

161 848 309 955 jugum
329 849 460 979 ipsum
475 849 790 955 conjugatorum,
804 875 931 956 neque
951 845 1018 926 hic
1037 875 1180 956 genus,
1197 878 1324 959 neque

168 961 296 1041 noster
315 963 558 1071 principium
578 960 707 1069 ipsum
722 960 797 1041 five
811 959 1008 1067 originem
1021 979 1062 1041 et
1077 960 1216 1041 thema
1231 990 1324 1043 con·

160 1073 392 1180 jugatorum
412 1101 578 1153 numero
598 1072 785 1154 excludit.
837 1071 938 1151 Con
922 1090 1059 1179 Jugata
1078 1092 1217 1155 autem
1237 1074 1323 1158 sunt

166 1186 300 1265 omnia
321 1214 399 1266 non
419 1182 546 1265 solum
566 1186 727 1266 nomina
753 1204 834 1264 tam
859 1181 1094 1266 substantiva
1112 1214 1238 1296 quam
1258 1190 1323 1269 ad-

160 1296 321 1401 jectiva,
335 1296 397 1378 sed
417 1299 537 1378 etiam
550 1297 683 1391 verba,
696 1315 833 1406 etquae
845 1295 1061 1404 Aristoteles
1075 1299 1181 1405 casus
1192 1320 1322 1396 vocat

166 1407 433 1504 adverbia,
394 1439 490 1491 cum
522 1437 753 1519 paronoma,
785 1409 813 1487 i.
835 1436 871 1487 e.
904 1408 1091 1504 derivata,
1121 1427 1212 1491 tum
1244 1412 1322 1522 ipsa

166 1520 354 1617 themata,
367 1521 524 1604 servatis
545 1539 677 1601 tamen
697 1520 778 1622 istis
797 1520 1100 1602 conditionibus.
1157 1550 1193 1602 1.
1217 1526 1261 1603 Si
1280 1544 1323 1607 ut

165 1635 273 1714 idem
300 1635 450 1729 sonant,
479 1634 529 1713 fic
558 1635 664 1714 idem
696 1634 817 1713 etiam
849 1632 1077 1740 significant.
1140 1660 1179 1715 2.
1208 1637 1294 1715 Si
1282 1666 1322 1717 ιιι

166 1745 305 1827 eadem
336 1745 627 1854 significationis
668 1746 816 1825 ratione
859 1744 1073 1825 sumantur
1140 1748 1256 1828 Nam
1295 1750 1321 1831 fi

165 1885 290 1945 unum
310 1857 498 1965 fignificat
517 1858 737 1999 potentiam
763 1858 839 1937 five
869 1854 1099 1938 facultatem
1118 1879 1187 1940 aut
1207 1860 1322 1942 habi-

165 1990 266 2064 tum,
287 1971 456 2051 alterum
476 1969 569 2051 vero
589 1976 722 2051 actum
750 1988 790 2048 et
817 1997 868 2048 ex
888 1971 1065 2078 potentia
1084 1971 1161 2051 five
1181 1970 1321 2055 habitu

164 2102 349 2189 arguatur
376 2087 482 2163 actus
510 2103 577 2163 aut
603 2101 752 2175 contra,
773 2081 903 2189 captio
933 2082 1011 2161 est:
1056 2110 1092 2190 3.
1126 2086 1213 2164 Si
1201 2114 1244 2166 ιιι
1275 2087 1323 2167 iis

163 2194 386 2301 symbolum
417 2196 462 2275 srt
488 2195 839 2275 consentaneorum
867 2215 1208 2300 argumentorum,
1238 2200 1266 2278 i.
1284 2228 1321 2279 e.

163 2308 188 2384 s1
206 2304 228 2385 ἒι
248 2307 513 2389 consentaneis
533 2328 620 2388 orta
640 2307 753 2387 sunt:
786 2334 956 2412 quorum
977 2308 1062 2386 vim
1081 2327 1121 2387 et
1141 2308 1322 2391 affectio-

161 2447 254 2498 nem
280 2420 319 2498 in
349 2419 549 2528 arguendo
574 2421 661 2499 aliis
689 2417 917 2498 nominibus
946 2418 1069 2526 iisque
1096 2420 1320 2530 conjugatis

163 2530 355 2611 referant:
387 2560 559 2639 quorum
586 2530 781 2612 etiamad
811 2531 1080 2610 inventionem
1109 2536 1320 2616 nominalis

162 2641 320 2748 hujusce
340 2645 626 2751 conjugationis
647 2642 793 2721 indicio
813 2642 1031 2722 ducamur:
1062 2643 1167 2723 unde
1186 2646 1320 2728 elucet

162 2782 248 2833 non·
260 2758 570 2835 contemnendus
598 2754 713 2861 hujus
733 2755 811 2834 loci
832 2753 934 2848 usus,
954 2753 1167 2864 praesertim
1185 2760 1230 2839 in
1250 2760 1320 2840 de-

160 2867 416 2948 finitionibus.

218 2983 443 3089 Sequuntur
457 2980 663 3089 exempla:
686 2999 731 3059 ut
743 2979 909 3086 justitia,
923 2979 1064 3085 justus,
1077 2979 1197 3086 juste.
1231 2984 1320 3065 Cu·

153 3091 325 3196 jusmodi
358 3094 398 3171 in
430 3094 625 3202 exemplis
659 3091 942 3171 observandum
976 3093 1046 3186 est,
1079 3091 1319 3177 abstractum

159 3204 266 3310 quod
287 3225 440 3299 vocant,
461 3204 616 3285 causam
634 3203 708 3283 effe
727 3205 915 3298 concreti,
936 3223 975 3283 et
994 3224 1230 3287 concretum
1246 3208 1319 3289 ad·

159 3315 296 3394 verbii.
357 3319 417 3396 Ut
439 3317 591 3422 justitia
610 3317 666 3395 est
683 3315 809 3409 causa,
830 3345 901 3396 cur
926 3316 1068 3426 aliquis
1095 3316 1140 3397 s1t
1160 3318 1317 3424 justus:

159 3446 198 3506 et
217 3429 311 3534 quia
331 3427 456 3533 justus
483 3431 552 3522 est,
577 3428 723 3508 idcirco
744 3426 845 3534 juste
873 3429 967 3534 agit.
1029 3429 1154 3541 Qud
1181 3450 1319 3513 tamen

159 3566 238 3618 non
258 3541 313 3619 est
331 3541 479 3648 ubique
498 3568 661 3621 verum:
694 3541 830 3620 sanum
849 3541 972 3633 enim,
994 3540 1021 3619 i.
1040 3569 1076 3620 e.
1099 3543 1210 3649 quod
1229 3544 1318 3625 effi-

157 3653 212 3731 cit
236 3672 303 3734 aut
329 3652 528 3733 conservat
553 3653 771 3745 sanitatem,
792 3652 903 3732 causa
930 3651 986 3731 est
1012 3649 1196 3749 sanitatis,
1219 3684 1319 3738 con-

158 3784 312 3844 cretum
337 3765 485 3845 scilicet
511 3764 704 3858 abstracti,
726 3783 769 3844 ut
795 3782 900 3845 notat
920 3762 1079 3873 Aristar.
1108 3782 1185 3875 top.
1211 3794 1252 3849 2.
1276 3796 1317 3877 3.

160 3878 337 3985 Propert.
360 3877 424 3956 lib.
449 3904 487 3959 2.

271 4038 451 4120 Libertas
467 4041 633 4150 quoniam
652 4039 751 4119 nulli
758 4037 843 4144 jam
864 4038 978 4147 restat
997 4039 1156 4135 amanti,

326 4153 468 4239 Nullus
486 4153 579 4234 liber
598 4152 685 4247 erit,
692 4151 814 4261 ſsquis
831 4180 958 4231 amare
976 4151 1081 4232 velit.

213 4329 294 4410 Htc
316 4329 471 4409 libertas
491 4358 577 4438 quae
601 4326 712 4407 causa
740 4326 795 4405 est
817 4355 888 4407 cur
912 4327 957 4406 srs
983 4325 1103 4427 libe&
1118 4326 1214 4435 quia
1234 4354 1314 4409 non
