2956 4980
415 224 630 361 Epistola
658 224 937 324 Familiares.
1179 265 1229 347 37
1235 266 1257 346 ς

105 398 325 482 tentionem
349 402 513 495 veniret,
543 430 614 481 cur
637 420 775 480 neuter
803 400 915 480 alteri
944 398 1029 483 οὕτω
1059 395 1118 479 δία
1141 395 1259 503 χρόνου

107 508 315 619 scripserit,
347 541 440 593 cave
465 532 579 623 putes
603 516 699 620 quin
724 514 795 592 snn
820 540 895 621 ego
922 514 1057 592 multis
1085 512 1258 620 partibus

106 623 326 703 excusatior
344 624 524 706 futurus:
556 623 651 722 δηλον
676 626 728 705 ὅτι
753 626 795 715 ὥς
817 620 944 732 βραὸὒς
966 622 1027 705 καὶ
1051 617 1179 728 ὀκνηρός
1206 658 1258 714 τις

106 729 149 814 ὅν
169 731 266 834 φύσει
281 734 365 841 apic
384 736 425 819 τὸ
443 735 597 843 γράφειν,
614 757 658 816 ut
674 736 797 846 probe
817 738 931 831 nosti,
947 766 1040 817 eum
1061 754 1104 815 tu
1123 753 1258 814 contra

103 845 180 925 five
199 850 350 941 natura,
370 850 447 930 save
467 850 763 943 consuetudine,
789 849 837 927 ad
859 845 1082 955 hujusmodi
1103 849 1256 927 Litera-

105 959 180 1038 rias
193 958 440 1065 reparamina
454 960 560 1044 haud
580 990 679 1068 aegre
696 962 859 1070 perduci
875 960 1008 1042 soleas.
1055 960 1196 1039 ‘Simul
1216 978 1257 1038 et

107 1071 206 1149 illud
227 1099 299 1180 pro
319 1101 384 1153 me
405 1072 513 1169 facit,
536 1074 643 1183 quod
663 1094 773 1154 tuam
793 1073 971 1154 studendi
991 1073 1183 1153 rationem
1203 1072 1257 1150 ita

105 1183 324 1263 institutam
344 1188 528 1294 cognovi,
557 1207 601 1267 ut
626 1184 763 1266 crebro
786 1186 1021 1294 interspires,
1041 1187 1090 1265 ad
1110 1186 1257 1264 amicos

104 1294 216 1389 visas,
237 1297 364 1377 multi
381 1298 537 1392 scribas,
557 1326 841 1407 nonnunquam
861 1298 935 1378 iter
954 1297 1096 1392 facias;
1119 1324 1256 1376 meum

105 1407 157 1487 fic
177 1407 233 1486 est
259 1410 481 1515 ingenium,
511 1412 619 1491 nulla
642 1430 687 1490 ut
710 1438 835 1507 mora,
866 1410 972 1489 nulla
995 1410 1120 1516 quies,
1150 1409 1257 1487 nulla

104 1517 232 1599 ferme
256 1521 362 1602 illius
391 1526 448 1603 rei
472 1551 579 1617 cura,
605 1541 673 1603 aut
697 1523 884 1630 cogitatio
907 1522 1101 1615 distineat,
1126 1520 1255 1627 quoad

103 1633 315 1739 pervadam
335 1662 416 1741 quo
435 1635 555 1730 feror,
570 1654 609 1715 et
630 1638 820 1742 grandem
840 1635 1014 1742 aliquam
1035 1633 1254 1712 studiorum

105 1771 290 1824 meorum
321 1748 427 1853 quasi
460 1748 668 1856 periodum
702 1747 923 1828 conficiam.
993 1748 1128 1853 Atque
1161 1742 1255 1823 hinc

104 1858 284 1952 omnine,
305 1886 377 1939 nec
397 1859 568 1954 aliunde,
585 1860 708 1953 sodes,
726 1859 781 1939 est
800 1858 964 1951 fastum,
981 1860 1041 1937 uti
1060 1858 1108 1937 ad
1128 1857 1256 1936 officia

104 1969 269 2074 quidem
287 1969 391 2050 ultro
411 1970 620 2051 deserenda
640 1971 788 2081 spiffius
807 1971 1007 2065 accedam,
1028 1970 1076 2050 ad
1097 1967 1256 2078 respon-

104 2081 281 2161 dendum
302 2101 448 2177 tamen,
468 2086 506 2163 O
523 2084 651 2163 noster
668 2080 845 2164 Theodote
857 2111 936 2162 non
956 2081 1159 2161 sum-adeo
1174 2080 1255 2160 ces-

106 2192 229 2289 sator;
255 2222 382 2302 neque
409 2197 514 2276 enim
541 2197 720 2276 commiss
744 2215 788 2275 ut
812 2215 920 2275 tuam
940 2194 1160 2302 Epistolam
1180 2221 1254 2271 un-

104 2332 226 2411 quam
259 2306 382 2386 ullam
417 2308 549 2388 debita
582 2311 667 2388 vice
701 2308 829 2387 nostra
864 2307 938 2387 alia
976 2334 1024 2384 ne
1060 2304 1252 2385 clauserit.

106 2417 240 2528 Qid!
270 2420 378 2526 quod
396 2439 452 2514 tu,
471 2440 515 2500 ut
531 2421 662 2513 audio,
679 2420 828 2499 Literas
843 2419 892 2498 ad
909 2417 1189 2527 Bibliopolam,
1206 2414 1254 2495 ad

105 2530 284 2609 Fratrem
304 2533 424 2612 etiam
445 2531 689 2643 saepiuscule3
720 2560 891 2640 quorum
919 2531 1064 2610 utervis
1095 2546 1255 2638 propter

103 2642 349 2723 vicinitatem
372 2643 460 2724 satis
484 2645 694 2725 commode
718 2642 959 2752 praestitiffet,
984 2641 1101 2736 mihi,
1122 2641 1149 2720 fi
1169 2669 1255 2749 quae

103 2752 238 2848 essent,
261 2756 488 2835 reddendas.
549 2757 654 2837 Illud
674 2784 766 2835 vero
785 2784 942 2863 queror,
965 2777 1016 2848 te,
1042 2783 1136 2834 cum
1161 2753 1254 2832 esses

105 2867 305 2973 pollicitus
324 2868 373 2948 ad
393 2897 462 2949 nos
481 2868 566 2948 fore
586 2888 630 2948 ut
650 2870 859 2948 diverteres
878 2895 971 2947 cum
991 2894 1041 2945 ex
1062 2866 1156 2944 urbe
1176 2863 1255 2943 dis·

104 2978 276 3072 cederes,
302 2980 496 3088 promiffis
519 3010 598 3061 non
622 2980 787 3060 stetisse:
819 3008 905 3087 quae
925 2977 1108 3087 promissa
1128 2977 1194 3055 abs
1215 2995 1253 3056 te

105 3090 297 3198 praeterita
319 3093 345 3171 fi
366 3094 428 3172 vel
449 3092 567 3174 semel
586 3093 801 3200 cogitasses,
826 3120 903 3171 non
931 3088 1111 3169 defuisset
1130 3116 1253 3198 prope

103 3201 359 3283 necessarium
373 3204 565 3284 scribendi
580 3223 873 3312 argumentum.
932 3205 1067 3310 Atque
1088 3201 1169 3280 haec
1186 3197 1254 3278 ha-

103 3311 174 3392 bui
193 3342 280 3423 quae
299 3316 340 3393 in
360 3336 398 3395 te
418 3318 576 3410 merito,
592 3338 636 3396 ut
655 3315 758 3396 mihi
777 3317 925 3409 videor,
942 3315 1250 3393 declamitarem.

105 3427 174 3505 Tu
193 3454 280 3533 quae
300 3430 348 3507 ad
368 3428 450 3508 haec
466 3448 600 3508 eontra
620 3428 771 3537 parabis
792 3427 872 3537 ipse
892 3428 1047 3506 videris.
1099 3428 1254 3505 Verum

104 3540 266 3617 interim
285 3542 381 3647 quid
401 3541 458 3621 est
479 3540 635 3651 quaeso?
656 3537 809 3619 redidne
825 3540 956 3619 vales?
976 3540 1186 3646 ecquinam
1208 3537 1254 3616 iis

104 3649 147 3728 in
177 3649 273 3731 locis
301 3653 488 3734 erudituli
513 3653 600 3733 sunt
627 3651 863 3760 quibuscum
894 3650 1061 3731 libenter
1094 3650 1183 3742 else,
1214 3670 1254 3728 et

103 3764 251 3867 garrire
279 3766 408 3873 poffis,
436 3784 482 3845 ut
509 3794 578 3845 nos
609 3765 908 3845 consuevimus?
938 3763 1095 3871 quando
1124 3762 1252 3841 redis?

103 3876 295 3980 quamdiu
311 3876 383 3957 tibi
399 3879 584 3956 inanimo
600 3877 656 3957 est
669 3879 772 3986 apud
793 3876 883 3955 istos
897 3871 1125 3980 ὁπερβορείους
1140 3900 1253 3952 com-

103 3989 277 4067 morari?
308 4007 351 4068 tu
371 3989 493 4068 velim
517 3990 566 4069 ad
589 3987 672 4068 haec
695 3987 797 4068 mihi
824 3989 972 4094 fingula
995 3986 1249 4094 respondeas:

103 4097 297 4179 sedenim
313 4129 363 4181 ne
382 4101 525 4181 nescias
545 4129 623 4181 non
646 4128 751 4180 nunc
773 4101 937 4180 demum
963 4127 1022 4178 res
1047 4117 1121 4178 tuae
1144 4096 1252 4177 cordi

103 4208 208 4289 mihi
234 4210 335 4308 sunt,
364 4241 455 4292 nam
476 4214 527 4292 fic
547 4211 690 4293 habeto
711 4241 776 4292 me
800 4215 958 4291 ineunte
984 4229 1175 4290 autumno
1202 4237 1253 4288 ex

101 4321 241 4402 itinere
256 4323 305 4402 ad
320 4322 482 4405 fratrem
498 4345 613 4405 tuum
633 4352 680 4404 eo
696 4324 855 4404 consrlio
871 4322 1080 4415 deflexisse,
1098 4319 1252 4427 utquid

102 4461 250 4541 ageret,
264 4434 417 4517 scirem.
480 4439 623 4547 Nuper
638 4439 757 4516 etiam
773 4464 865 4514 cum
882 4436 981 4513 mihi
996 4453 1142 4513 temere
1152 4436 1253 4513 Lon-
