2956 4980
388 113 552 208 Literae
578 109 772 208 Oliverii
798 115 1089 209 Protectoris.
1190 78 1200 108 ’
1237 152 1315 235 327

158 310 249 364 eam
269 311 376 365 nunc
394 286 569 368 deditam
595 306 677 367 tarn
702 286 783 367 citb
812 289 915 396 posse
941 317 1006 368 me
1027 289 1235 369 rescribere
1255 292 1317 368 in-

159 395 276 502 super
301 397 479 504 gaudeo:
511 428 638 508 neque
667 401 779 480 unius
801 401 921 481 Urbis
940 401 1092 507 jactura
1113 402 1315 511 duplicem

159 508 370 615 perfidiam
389 511 598 621 Hstanum
617 513 849 622 propediem
871 513 944 592 esse
964 514 1157 593 luiturum
1178 515 1312 622 spero;

158 621 268 727 quod
287 624 400 731 capta
420 624 515 703 urbe
533 625 652 704 altera
671 625 858 704 effectum
883 626 971 719 esse,
992 625 1113 706 velim
1134 624 1317 734 Majestas

161 733 283 813 etiam
303 735 426 844 vestra
447 756 528 816 tam
554 735 634 816 citb
661 738 776 844 poflit
798 737 1018 818 rescribere.
1081 738 1203 848 Qod
1223 739 1315 826 reli·

149 870 288 951 quum
307 847 516 955 pollicetur
535 876 641 929 meas
668 851 835 929 rationes
862 877 964 930 curae
983 850 1052 930 srbi
1079 849 1177 943 sore,
1198 850 1246 929 de
1266 878 1313 930 eo

160 959 247 1064 regi
268 961 421 1067 optimo
441 980 558 1068 atque
578 961 810 1041 amiciffimo
829 962 1047 1070 pollicenti,
1064 961 1221 1069 ejusque
1237 962 1313 1041 Le-

158 1087 253 1174 gato
269 1072 593 1152 excellentiffimo
609 1092 726 1181 atque
742 1074 982 1154 ornatiffimo
994 1075 1078 1153 viro
1093 1074 1205 1155 Duci
1218 1075 1314 1153 Cre-

158 1181 299 1288 quienst
310 1183 419 1263 idem
430 1184 693 1278 confirmanti,
708 1213 785 1265 non
798 1184 958 1282 diffido;
980 1188 1196 1292 Deumque
1212 1187 1249 1262 Ο
1254 1205 1312 1293 pt.

159 1292 278 1372 Max.
299 1294 499 1404 Majssati
517 1297 650 1406 vestra
669 1297 808 1407 Reique
832 1298 989 1377 Gallica
1010 1298 1121 1377 domi
1141 1296 1314 1404 bellique

158 1406 379 1513 propitium
398 1427 561 1517 exopto.
958 1415 966 1430 '

218 1528 539 1643 Wrstmonaslerio,
559 1531 615 1613 die
634 1531 764 1640 Junii.
786 1532 997 1640 An.1658.

161 1901 362 1984 Oliverius
387 1904 587 1984 Protetior
608 1904 716 2014 Rerp.
742 1903 913 2012 Angliae,
935 1902 1013 1983 &c.
1037 1902 1316 2013 Eminentifflmo

422 2016 579 2096 Dom‘r'm
601 2015 804 2097 Cardinali
823 2016 1048 2096 Mazarino.

247 2201 562 2281 Eminentiffime
579 2204 771 2297 Domine,

164 2321 346 2520 CUm
359 2325 461 2433 Regi
475 2326 695 2431 Serenifflmo
713 2355 785 2436 per
804 2327 934 2407 literas
949 2324 1091 2433 gratias
1111 2350 1226 2429 agam
1245 2327 1317 2435 qui

286 2433 445 2516 honoris
465 2456 505 2516 et
522 2439 792 2546 gratulationis
805 2439 1008 2519 reddendae
1023 2437 1152 2529 causa,
1165 2436 1318 2546 suaeque

161 2545 302 2627 laetitiae
329 2549 379 2629 de
405 2550 640 2630 nobiliffima
665 2553 813 2631 recenti
831 2552 994 2630 victoria
1020 2575 1181 2628 mecum
1204 2578 1316 2630 com-

163 2661 408 2741 municandae
438 2664 699 2769 Legationem
727 2661 1084 2772 Splendidiffimam
1110 2661 1228 2755 milit,
1253 2663 1316 2741 in-

162 2791 295 2877 gratus
316 2790 447 2852 tamen
476 2773 560 2868 fim,
582 2775 652 2854 nifi
674 2775 896 2854 Eminentia
915 2800 1075 2882 quoque
1093 2771 1227 2880 vestra?
1247 2772 1317 2852 de·

163 2883 263 2964 bitas
298 2885 412 2964 fimul
444 2887 585 2993 gratias
618 2915 689 2996 per
720 2886 849 2967 literas
877 2885 1118 2994 persolvam;
1150 2911 1237 2991 quae
1268 2885 1315 2964 ad

164 2996 381 3076 testandam
401 2996 510 3077 suam
528 3025 620 3106 erga
640 3026 706 3078 me
726 2998 1055 3090 benevolentiam,
1076 2997 1234 3103 meique
1255 3024 1318 3075 re·

164 3105 238 3187 bus
253 3108 437 3188 omnibus
448 3110 591 3218 quibus
608 3111 734 3220 potest
748 3111 913 3190 ornandi
930 3107 1116 3199 studium,
1130 3127 1317 3215 nepotem

164 3218 280 3299 suum
295 3220 647 3330 praestantiffimum
662 3242 779 3330 atque
793 3220 1080 3303 oruatiflimum
1095 3218 1316 3298 adolescen-

164 3349 249 3410 tem
268 3330 346 3412 una
365 3333 483 3428 misit,
499 3353 539 3414 et
559 3334 708 3443 siquem
724 3334 885 3414 haberet
899 3333 1005 3442 apud
1026 3332 1062 3410 se
1082 3330 1316 3440 propinqui-

164 3471 278 3522 orem
297 3463 365 3523 aut
384 3473 506 3552 quem
524 3447 647 3554 pluris
663 3445 822 3539 faceret,
837 3473 929 3526 eum
945 3444 1190 3554 potiffimum
1206 3443 1318 3523 fuisse

166 3555 373 3635 missurum
390 3558 545 3637 scribit:
577 3558 707 3639 addita
722 3561 843 3638 etiam
863 3558 1027 3650 ratione,
1042 3583 1129 3664 quae
1148 3556 1195 3635 ab
1210 3555 1318 3661 judi-

153 3668 230 3746 ·cio
243 3671 342 3747 tanti
357 3670 446 3747 Viri
458 3669 634 3778 profecta
649 3669 695 3749 ad
713 3698 844 3750 meam
857 3669 962 3748 haud
979 3669 1220 3746 mediocrem
1233 3667 1318 3746 lau-

166 3779 259 3857 dem
284 3799 401 3888 atque
424 3802 701 3862 ornamentum
723 3783 916 3891 pertinere
939 3779 1143 3871 existim03
1176 3805 1319 3885 nempe

167 3894 302 3999 utqui
322 3892 507 4000 sanguine
527 3893 829 4000 conjunctissimi
849 3892 919 3971 fibi
939 3891 1025 3969 sunt
1044 3892 1085 3967 in
1105 3915 1171 3967 me
1191 3887 1319 3969 hono-

166 4003 289 4082 rando
317 4022 436 4112 atque
463 4006 629 4086 colendo
651 4004 897 4087 Eminentiam
915 4005 1028 4110 suam
1058 4002 1317 4081 imitarentur.

167 4116 222 4193 Et
245 4111 502 4196 humanitatis
525 4119 703 4227 quidem,
731 4116 924 4210 candoris,
947 4116 1130 4195 amicitiae
1148 4113 1320 4192 vestrum

167 4227 208 4305 in
227 4255 293 4307 me
311 4227 514 4336 diligendo
529 4231 761 4339 exemplum
781 4229 886 4308 haud
906 4227 1150 4337 postremum
1168 4223 1320 4304 fortasse

166 4335 399 4436 habuerint;
421 4339 581 4422 summae
593 4344 749 4422 virtutis
765 4341 1004 4449 summaeque
1018 4336 1231 4448 prudentiae
1246 4336 1321 4415 alia
