2956 4980
270 238 346 316 162
667 225 793 320 Artis
821 225 1005 354 Logicae
1208 220 1317 321 Lib.
1342 262 1383 321 2.

267 427 356 479 mus
369 400 410 477 in
423 399 620 479 axiomate
633 400 754 480 relato
766 400 1049 509 consequentiae
1062 400 1289 481 involvitur.
1323 401 1412 479 Pro·

268 513 407 621 posrtio
427 511 577 591 nonest
598 511 769 592 absoluti
787 541 891 606 vera,
907 511 970 592 sed
990 539 1040 591 ex
1056 513 1296 592 conditione.
1347 509 1427 590 As-

268 623 441 733 sumptio
477 644 517 705 et
550 624 746 703 conclusio
784 653 854 733 per
888 627 1226 734 comparationem
1259 624 1428 704 minoris

267 756 490 847 ponuntur;
522 737 589 830 ita,
611 755 655 815 ut
673 738 869 816 conclus10
889 736 1091 847 ptaecedat.

325 850 388 927 Sic
401 849 508 928 idem
527 875 549 928 2
565 849 693 958 Philip
707 851 976 930 ratiocinatur:
997 878 1229 959 nunquamne
1240 847 1428 954 intelliges

267 959 583 1069 tibistutuendnm
602 962 680 1071 ‘ff’
702 980 829 1042 utrum
849 961 908 1042 illi
924 963 990 1072 qui
1005 962 1108 1071 istam
1127 991 1204 1042 rern
1219 958 1426 1068 gefferunt,

268 1072 453 1154 homicidae
468 1073 553 1179 ſsnt
580 1104 630 1153 on
662 1073 825 1154 vindices
855 1073 1073 1155 libertatis?
1131 1071 1314 1166 Attende,
1346 1076 1424 1154 &a

270 1187 376 1292 Nego
396 1186 588 1296 quicquam
607 1185 672 1294 effe
689 1186 855 1267 medium.
898 1187 1082 1294 Confitmr
1101 1186 1180 1266 illos
1198 1186 1267 1291 nii
1282 1184 1425 1265 libera-

267 1317 365 1378 tores
377 1298 509 1407 populi
521 1301 626 1378 Rom.
641 1298 979 1408 corssrvotoreffque
990 1300 1084 1410 reip.
1091 1299 1190 1405 ſsnt,
1204 1300 1294 1409 plus
1314 1297 1426 1409 quint

255 1411 430 1516 ficarios,
444 1411 533 1520 plus
546 1409 655 1521 qu'eim
667 1411 875 1506 homicidos,
885 1413 974 1520 plus
986 1411 1095 1522 quim
1103 1409 1323 1522 parricidas
1333 1410 1424 1521 efflet

256 1522 439 1633 stqutdem
458 1524 507 1631 est
524 1524 690 1604 atrocius
708 1524 854 1633 potriae
870 1543 1079 1633 parentem,
1100 1527 1175 1605 διε.
1231 1525 1276 1604 Si
1290 1522 1427 1632 porri·

269 1635 376 1730 cidae,
402 1664 472 1715 cur
494 1634 638 1715 honoris
663 1636 773 1742 causo
797 1635 822 1716 ὰ
846 1655 884 1717 te
899 1636 997 1743 sunt
1021 1654 1057 1716 et
1083 1639 1121 1717 in
1144 1636 1211 1717 hoc
1240 1635 1366 1717 ordine
1390 1652 1428 1716 et

268 1748 373 1856 opud
394 1749 569 1858 populum
600 1751 705 1828 Rom.
726 1749 875 1858 semper
906 1747 1125 1860 appellati?
1169 1755 1266 1842 Cur,
1307 1749 1421 1830 &ol

269 1863 399 1968 Atque
422 1862 501 1943 lraec
526 1864 615 1941 olio
634 1877 708 1970 per
732 1880 782 1941 te.
843 1864 931 1943 Non
951 1861 1071 1969 igitur
1095 1859 1295 1942 homicida.
1358 1862 1424 1969 Se·

268 1972 399 2082 quitur
429 1991 472 2052 ut
501 1973 716 2053 liberatores
744 1992 808 2056 tuo
830 1972 974 2079 judicio
992 1975 1077 2079 stnt
1095 1973 1122 2066 ,·’
1138 1972 1429 2083 quandoquidem-

271 2085 423 2164 tertium
444 2084 665 2194 nihilpotessl
683 2086 760 2195 effi
813 2087 987 2198 Qaestio
1009 2085 1074 2165 hsc
1094 2088 1331 2196 proponitur
1350 2086 1425 2165 ini·

272 2198 327 2276 tio
354 2198 402 2276 de
425 2198 588 2304 Caesarii
615 2196 943 2294 interfectoribus,
971 2218 1112 2292 utrum,
1133 2201 1208 2279 &o
1271 2200 1425 2307 Propo-

271 2309 356 2388 fitio
376 2312 609 2419 proponitur
628 2312 825 2392 axiomute
844 2339 1037 2406 connexo,
1058 2310 1230 2417 cofiteor
1247 2311 1329 2391 illos
1343 2312 1423 2417 πῇ,

270 2425 345 2501 &o
368 2423 474 2531 quod
493 2422 718 2531 aequipollet
730 2424 936 2529 disjuncto,
950 2441 1018 2503 out
1033 2423 1301 2529 vindicesfient
1314 2423 1425 2504 liber·

269 2535 443 2612 totisout
455 2535 650 2643 plusquam
670 2535 874 2617 homicidae:
906 2535 1120 2616 illustratur
1140 2537 1249 2616 enim
1268 2565 1316 2616 ea
1337 2565 1422 2647 pars

272 2645 540 2750 disjunltionis
567 2643 588 2724 ὲ
615 2647 781 2750 majori:
819 2670 859 2727 et
885 2648 1067 2755 praecedit
1094 2648 1425 2758 prosyllogismos,

271 2785 351 2865 quo
378 2756 593 2837 ostenditur
616 2759 917 2864 disjunctionem
943 2758 1044 2840 hanc
1071 2761 1143 2840 elle
1174 2761 1250 2840 fine
1276 2764 1424 2855 medio,

272 2890 311 2950 et
345 2871 509 2980 proinde
544 2870 805 2951 necessariam.
867 2870 1092 2982 Affumptio
1128 2872 1317 2981 sequitur,
1356 2904 1425 2955 non

258 2984 356 3090 stent
387 2982 573 3063 homicida
585 3017 600 3078 ,·
638 2984 757 3092 idque
788 2984 1044 3066 confirmatur
1075 2985 1375 3095 prosyllogismo
1406 2985 1428 3066 t

273 3096 497 3176 testimonio
526 3115 566 3175 et
593 3094 702 3175 fastis
730 3099 846 3205 ipsrus
870 3097 1041 3177 Antonii.
1103 3097 1427 3207 Prosyllogismut

272 3209 522 3287 concluditur
550 3207 785 3288 insecundo
815 3236 1009 3302 connexo,
1038 3211 1066 3289 fi
1097 3210 1314 3319 parricidae,
1342 3240 1427 3304 cur,

273 3322 348 3400 &o
366 3321 380 3397 ?
400 3339 443 3398 ot
462 3321 542 3399 haec
560 3324 648 3400 olio
660 3339 733 3429 per
751 3339 788 3401 te
804 3353 818 3413 ;
848 3350 917 3400 non
937 3322 1059 3428 igitur
1076 3320 1275 3402 lromt'cidae.
1317 3326 1427 3404 Con-

273 3431 394 3511 clufio
414 3432 583 3539 denique
605 3431 789 3540 sequitur,
810 3451 853 3512 nt
872 3432 1086 3514 liberatores
1089 3434 1277 3542 fuerint,·
1308 3436 1427 3546 idque

274 3545 439 3652 repetito
487 3546 761 3653 proposrtionis
814 3545 1109 3654 prosyllogismo
1157 3546 1426 3643 confirmatur,

273 3654 555 3766 quondoquidem
574 3657 726 3737 tertium
731 3658 819 3762 ſsoe
836 3657 987 3739 medium
1007 3660 1104 3741 nihil
1110 3660 1228 3769 potest
1245 3660 1326 3769 effe.

331 3767 377 3847 Si
389 3785 523 3875 portes
541 3767 734 3874 disjnnllae
750 3770 1001 3879 propositionis
1012 3773 1097 3879 ſsnt
1123 3769 1266 3851 duabus
1280 3773 1425 3882 plures,

264 3878 466 3989 judicandi
481 3880 782 3991 concludendique
799 3911 866 3961 urs
884 3883 958 3962 erit
976 3884 1110 3965 eodem.

331 3995 525 4103 Qamvis
556 4013 689 4073 autem
725 3994 995 4099 disjunetionis
1026 4014 1153 4106 partes
1182 3996 1257 4076 esse
1288 3996 1430 4106 poffint

274 4104 537 4211 saepenume'ro
557 4107 688 4213 plures
708 4105 829 4214 quim
849 4108 948 4202 duae,
975 4109 1014 4187 id
1038 4111 1145 4217 quod
1165 4109 1205 4187 in
1226 4108 1432 4219 disparatis

274 4218 431 4309 accidit,
447 4218 564 4325 ipfius
588 4238 718 4297 tamen
745 4220 1018 4329 propositionis
1043 4223 1128 4301 duae
1152 4222 1430 4303 tantummodo

272 4350 399 4439 partes
439 4330 549 4426 sunt3
595 4359 765 4440 quarum
803 4360 881 4411 una
919 4334 975 4412 est
1009 4333 1182 4442 quaesti0,
1216 4335 1340 4415 altera
1375 4333 1430 4415 est

273 4463 565 4550 argumentum.
626 4443 673 4522 In
709 4442 785 4523 hoc
823 4445 943 4525 modo
979 4446 1048 4527 ubi
1079 4446 1243 4555 quaestio
1275 4446 1428 4558 semper
