2956 4980
86 222 205 355 Cap.
226 264 296 348 31·
395 221 584 322 Plenior
610 222 859 323 Institutio
1158 256 1210 342 95

114 396 202 479 Ubi
219 398 358 509 itaque
375 397 503 480 forma
521 397 659 480 haberi
690 428 769 480 non
795 399 922 512 potest
943 398 1053 507 (nam
1073 425 1217 506 genera

57 507 141 591 fere
158 513 317 593 notiora
335 511 437 618 sunt)
460 515 676 622 proprietas
696 513 785 593 loco
799 512 936 593 formae
950 512 1015 592 seu
1028 512 1216 592 differen-

57 624 122 703 tiae
139 623 371 734 accipienda
390 625 468 706 est:
499 645 557 720 ut,
582 626 736 732 angelus
755 626 803 734 ⁸st
814 624 1030 734 substantia
1049 626 1217 734 incorpo-

57 764 158 817 rea:
187 765 303 846 equus
328 736 378 845 est
399 737 544 817 animal
571 737 761 831 hinnibile,
781 741 857 818 &c.
917 735 1115 842 Adjuntta
1141 738 1216 818 five

57 847 291 942 accidentia,
314 876 402 956 quae
431 869 621 929 vocantur
653 849 764 958 (quia
797 848 1013 929 substantiae
1043 849 1143 941 solae,
1171 870 1217 931 ut

59 960 192 1068 inquit
217 959 380 1070 Aristot.
410 961 439 1040 l.
462 962 502 1041 6.
527 963 702 1071 Metaplt.
725 991 759 1042 c.
783 986 822 1069 5.
895 960 1089 1040 Primarib
1118 962 1217 1041 defi-

59 1072 240 1167 niuntur,
260 1073 477 1153 accidentia
497 1072 723 1154 secundario
751 1069 922 1180 tantbm)
945 1074 1103 1182 propria
1124 1075 1216 1183 qui-

60 1184 152 1264 dem
164 1211 325 1293 genere,
338 1184 524 1292 subjecto,
536 1182 727 1294 causdque
740 1187 923 1295 proxima
934 1186 995 1264 vel
1007 1186 1215 1281 efficiente,
1330 1216 1333 1223 ·

59 1296 119 1377 vel
137 1296 265 1392 finali,
278 1297 342 1378 vel
355 1300 518 1406 utrisque
532 1297 786 1377 definiuntur.
820 1299 976 1376 Genere
993 1318 1033 1378 et
1045 1297 1216 1404 subjecto

60 1407 169 1503 lolo;
201 1427 260 1503 ut,
273 1409 426 1515 fimitas
453 1410 501 1518 est
529 1409 702 1491 curvitas
726 1409 807 1516 nost
816 1440 830 1486 :
861 1407 1032 1514 subjetto
1063 1430 1104 1490 et
1129 1410 1216 1490 effi-

59 1521 216 1615 ciente;
246 1540 306 1617 ut,
332 1521 476 1602 tonitru
505 1523 554 1631 est
568 1522 686 1629 sonus
701 1522 855 1630 srallae
883 1519 1004 1613 nubis,
1031 1520 1075 1600 ob
1098 1521 1216 1628 ignem

60 1632 263 1824 ffrefflum
274 1664 290 1726 ,·
319 1633 512 1742 quantitas
531 1634 704 1716 continua
729 1634 777 1742 est
802 1631 1016 1738 aels'unclum
1040 1634 1217 1741 corporis,
1248 1718 1255 1730 κ

134 1745 337 1851 exteryione
362 1748 557 1827 materiae:
588 1746 719 1841 finali;
750 1765 808 1840 ut,
823 1743 954 1852 strffus
980 1744 1028 1853 est
1039 1745 1220 1853 facultas

59 1857 256 1939 naturalis
277 1859 316 1938 in
340 1857 507 1953 animali,
535 1857 588 1938 ad
603 1857 850 1965 judicandum
874 1856 918 1938 cle
928 1857 1217 1964 singularibus:

60 1969 126 2049 vel
158 1970 352 2079 utraque3
384 1991 443 2066 ut,
475 1968 670 2079 respiratio
702 1969 751 2078 est
784 1969 965 2050 attractio
999 1988 1036 2049 et
1062 1971 1218 2080 expuffio

59 2081 165 2162 ai'rt's
174 2082 366 2191 reciproca
379 2081 405 2163 ἃ
417 2082 649 2193 pulmonibus
652 2082 787 2190 salla,
808 2080 862 2161 ad
876 2081 995 2162 cordis
1009 2083 1220 2191 refrigera-

58 2193 208 2276 tionem.
242 2196 458 2276 Omittitur
471 2197 579 2275 enim
594 2194 689 2305 saepe
704 2192 919 2299 subjeetum
936 2194 976 2273 in
989 2194 1218 2276 definitione

61 2306 334 2416 propriorum,
350 2309 499 2417 quippe
520 2305 624 2414 qubd
646 2334 696 2386 ex
716 2334 859 2414 genere
875 2305 938 2386 vel
957 2335 1007 2385 ex
1027 2307 1137 2387 caula
1156 2310 1220 2388 in-

61 2417 285 2525 telligitur:
316 2439 375 2515 ut,
395 2420 567 2500 memoria
589 2419 637 2527 est
649 2416 781 2526 stnsus
807 2418 976 2499 internus
1002 2419 1220 2526 construens

61 2530 243 2639 imagines
259 2560 387 2612 rerum
404 2531 650 2640 cognitarum.
691 2533 788 2612 Non
805 2531 1084 2637 diciturstrfics
1103 2534 1221 2613 inter-

61 2671 135 2722 nus
148 2643 334 2739 animalis,
351 2645 483 2725 addito
499 2672 643 2752 nempe
659 2643 842 2749 subjedbo,
856 2644 949 2751 quia
963 2647 1002 2723 id
1019 2648 1219 2725 mentione

49 2752 188 2860 senatis
206 2756 455 2863 intelligitur.
516 2756 706 2836 Potentiae
722 2757 913 2836 naturales
929 2758 1079 2836 actione
1095 2756 1161 2836 lua
1181 2778 1221 2838 et

63 2866 180 2947 causa
209 2868 403 2948 efficiente
429 2868 692 2948 definiuntur:
735 2887 794 2960 ut,
821 2867 1011 2972 rffibilitas
1029 2869 1221 2978 estfacul-

62 2997 130 3058 tas
142 2977 301 3075 ridendi,
314 3000 400 3062 orta
417 2979 464 3060 ab
477 2982 600 3061 anima
620 2979 810 3059 rationali.
870 2978 1043 3059 Habitus
1063 2981 1126 3059 vel
1144 2981 1222 3060 fine

62 3089 131 3169 vel
161 3090 314 3197 objecto
339 3120 425 3200 quae
447 3092 542 3202 saepe
569 3093 799 3172 coincidunt
824 3090 1088 3171 definiuntur:
1120 3091 1221 3189 fine;

63 3223 129 3296 ut,
142 3204 289 3311 Logica
302 3204 428 3313 estars
439 3204 525 3285 bene
535 3203 810 3284 ratiocinandi:
841 3202 1016 3307 objeu0;
1047 3207 1224 3314 ut,Pl1y-

45 3315 145 3421 ſsca
160 3315 209 3425 est
220 3315 387 3423 seientia
412 3347 537 3398 rerum
564 3318 809 3397 naturalium.
871 3316 1092 3426 Qalitates
1122 3319 1224 3426 pati-

64 3426 172 3508 biles
198 3428 439 3509 definiuntur
465 3430 636 3537 subjecto
664 3448 703 3509 et
730 3429 923 3507 efficiente
938 3457 949 3519 ;
980 3449 1024 3509 ut
1055 3432 1151 3510 color
1177 3431 1225 3540 est

64 3539 239 3650 qualitas
256 3542 418 3651 corporis
439 3543 563 3636 mt'uti,
583 3559 669 3621 orta
691 3570 737 3620 ex
764 3540 1087 3647 contemperatione
1113 3543 1230 3624 lucidi

61 3671 106 3733 et
125 3653 245 3761 opaci.
285 3655 474 3734 Attiones
494 3653 574 3734 fere
596 3652 765 3757 lubjedto
785 3652 978 3731 efficiente
999 3672 1038 3731 et
1058 3653 1135 3733 fine
1155 3654 1221 3736 de·

61 3763 276 3845 finiuntur.
337 3765 563 3846 Relationes
584 3766 713 3844 relatis
734 3765 836 3843 inter
855 3763 891 3842 se
912 3784 951 3843 et
967 3763 1225 3847 fundamento

66 3878 150 3958 five
168 3877 305 3959 causa:
336 3896 395 3972 ut,
416 3879 698 3988 paternitates}
723 3878 854 3956 relatio
872 3876 1002 3985 patris
1020 3876 1223 3986 adfilium,

62 4019 114 4070 ex
126 3989 387 4099 procreatione
403 4008 502 4070 orta.

126 4101 329 4209 Adjundba
347 4102 576 4182 communia
602 4100 770 4206 objecto
791 4101 1000 4195 efficiente,
1020 4099 1144 4196 finali,
1165 4104 1227 4184 vel

67 4240 122 4294 ex
148 4212 212 4295 his
235 4233 335 4323 quot
358 4214 445 4296 sunt
472 4244 523 4295 ex
548 4214 633 4307 usu,
654 4211 918 4294 definiuntur:
951 4233 1009 4308 ut,
1029 4213 1153 4295 albedo
1179 4215 1227 4324 est

68 4326 183 4424 color,
202 4346 309 4408 ortus
326 4357 373 4407 ex
391 4326 509 4408 lucido
528 4322 903 4436 opacumstcperante.

126 4438 233 4521 tltud
264 4441 386 4521 modo
416 4442 634 4548 generatim
666 4440 707 4517 in
731 4437 1055 4548 descriptionibus
1086 4463 1229 4518 caven-
