2956 4980
152 257 234 341 340
352 215 516 311 Literae
542 206 770 309 Richardi
795 209 1102 306 ProteRoris.'
1231 226 1236 233 “

154 388 451 500 Pratestantibus
472 385 644 493 Ecclefiis
662 383 807 493 quibus
827 411 933 464 nunc
951 380 1216 471 interdicitur,
1236 405 1306 504 pro

151 504 269 695 iffi
282 501 441 693 pgffiiipe
461 500 562 593 fieri,
582 497 732 578 sublato
752 495 822 576 illo
841 495 1064 588 interdicto,
1083 489 1207 601 quim
1227 517 1305 598 prr-

214 735 531 846 Westmonasterio.
559 733 622 814 18.
646 730 737 814 Feb.
757 734 839 811 An.
863 730 909 808 16
915 728 982 836 58.

259 1117 539 1226 Eminentffnro
563 1117 722 1199 Domino
742 1116 944 1196 Cardinali
963 1115 1216 1206 Mazzarino.

219 1305 537 1389 Eminentiffime
557 1305 734 1384 Domine
755 1304 998 1401 Cardinalis;
1071 1367 1074 1373 ,
1146 1390 1150 1397 ,

250 1429 499 1511 Roficiscitur
525 1429 566 1508 in
590 1428 767 1522 Galliam,
787 1429 923 1535 ibique
950 1427 998 1507 ad
1026 1444 1185 1536 tempus
1204 1454 1314 1508 conr·

278 1544 422 1621 morari
459 1543 609 1648 ‘cogitat
640 1538 898 1619 illustriffima
928 1540 1106 1622 Domina
1139 1537 1315 1619 defuncti

165 1681 291 1762 nuper
310 1653 436 1732 Ducis
451 1650 701 1731 Ricimendiae
721 1652 838 1730 Uxor
855 1678 949 1730 cum
964 1653 1075 1732 Duce
1091 1649 1190 1730 Filio
1205 1650 1315 1737 Ado-

166 1763 393 1844 lescentulo.
453 1760 700 1842 Eminentiam
727 1762 859 1868 itaque
881 1762 1045 1869 Vestram
1077 1787 1317 1872 magnopere

167 1902 279 1983 rogo,
292 1894 337 1955 ut
355 1873 483 1981 fiquid
501 1872 688 1953 acciderit
706 1871 845 1979 inquo
865 1872 912 1953 iis
924 1872 1046 1952 vestri
1065 1871 1317 1965 authoritate,

168 1985 314 2078 favore,
335 1985 568 2093 patrocinio,
582 2000 720 2092 utpote
739 1984 968 2091 peregrinis,
988 1982 1076 2064 usus
1095 1984 1171 2065 effe
1189 1984 1318 2095 poffit,

169 2099 224 2176 ita
244 2122 383 2175 eorum
402 2094 637 2200 dignitatem
657 2095 773 2186 tueri,
787 2094 972 2203 vobisque
991 2093 1097 2176 haud
1108 2096 1320 2204 vulgariter

169 2205 489 2288 commendatam
519 2203 634 2284 rebus
663 2205 848 2286 omnibus
878 2204 1020 2286 habere
1038 2207 1183 2300 velitis,
1204 2225 1251 2287 ut
1275 2206 1320 2287 ad

170 2319 337 2399 vestram
366 2315 655 2397 humanitatem
686 2344 779 2423 erga
808 2343 960 2412 omneS,
993 2316 1204 2427 praesertim
1241 2337 1320 2399 tam

171 2430 312 2510 illustri
342 2454 486 2534 genere
515 2427 715 2519 oriundos,
748 2427 953 2522 eximiam,
968 2441 972 2448 ’
987 2427 1152 2508 sentiant
1186 2430 1355 2510 nostris·

171 2541 294 2621 literis
313 2540 420 2646 quod
440 2538 623 2618 accedere
642 2537 772 2646 potuit
790 2540 942 2619 cumuli
961 2539 1175 2619 acceffiffe:
1207 2541 1321 2620 fimul

174 2670 213 2730 et
238 2649 315 2728 hoc
341 2649 410 2727 fibi
430 2649 655 2757 persuadeat
675 2649 887 2729 Eminentia
909 2649 1038 2756 Vestra
1065 2652 1321 2731 commenda-

61 2854 64 2859 ·
175 2762 325 2840 tionem
356 2759 480 2850 suam,
510 2761 537 2838 fi
567 2761 665 2868 quid
695 2756 717 2837 i
748 2787 813 2838 me
848 2758 1071 2867 hujusmodi
1096 2763 1321 2871 postulabit,

177 2871 279 2980 apud
301 2898 365 2949 me
386 2898 464 2950 non
484 2872 615 2950 minus
633 2869 855 2950 valituram.

264 2992 584 3101 Westmenasterie.
609 3017 675 3097 29.
698 2991 788 3073 Feb.
816 2993 935 3101 1658.

181 3385 402 3468 Richardus
436 3388 633 3466 Pronnor
665 3385 774 3496 Reip.
810 3390 979 3497 Angliae,
999 3391 1078 3472 &a
1111 3392 1244 3472 Sereni
1276 3421 1326 3472 nro

236 3527 283 3578 ac
304 3496 547 3600 Potentffmo
568 3498 747 3606 Principi
761 3499 906 3602 Joanni
927 3502 1180 3609 Portugalliae
1200 3506 1310 3612 Regi.

184 3683 428 3765 Sereniffime
450 3682 797 3791 Potentiffimeque
818 3686 923 3779 Rex,
944 3687 1087 3766 Amice

489 3820 534 3872 ac
555 3790 786 3889 Foederate;

187 3914 440 4105 TAmetfi
471 3914 597 3995 multa
620 3912 706 3995 sunt
729 3944 815 4023 quae
836 3919 884 3997 ad
910 3921 1065 4028 Regem
1088 3922 1265 4001 amicum
1296 3941 1330 4001 et

319 4024 425 4132 Reip.
452 4028 583 4134 nostrae
614 4027 969 4133 conjuntiiflimum
1001 4031 1210 4114 neceffario
1243 4032 1331 4112 scri-

186 4134 294 4225 bam,
320 4133 419 4213 nihil
454 4137 510 4216 est
542 4156 672 4217 tamen
696 4140 802 4246 quod
835 4138 977 4221 faciam
1007 4145 1193 4228 libentius
1216 4141 1333 4250 quim

187 4245 294 4355 quod
316 4272 418 4323 nunc
438 4244 555 4340 facio,
577 4266 621 4327 ut
641 4249 839 4357 Majellati
852 4255 999 4361 vestre,
1021 4262 1216 4365 Regnaque
1234 4255 1334 4334 Por·

187 4355 358 4463 tugalliae
373 4356 565 4464 inlignem
580 4358 680 4438 hanc
699 4362 925 4470 proximam
940 4366 990 4447 de
1002 4366 1209 4451 communi
1227 4362 1336 4463 hoste
