2956 4980
249 256 271 310 2
277 255 333 338 54
466 215 636 311 ‘Literae
663 211 855 311 Oliverii
881 213 1171 310 Protedoris.
1275 221 1282 234 ‘

243 416 316 498 pro
344 387 573 468 reducendis
596 386 766 495 denique
795 386 874 466 istis
899 385 1048 465 miseris
1077 383 1262 464 exulibus
1291 383 1401 462 unde

243 499 342 610 pulfi
362 499 461 594 sunt,
482 499 649 579 vestram
667 526 830 579 omnem
851 498 1032 606 gratiam,
1058 494 1399 588 neceffitudinem,

245 609 529 692 authoritatem
556 631 661 691 tanta
686 639 782 691 cum
807 610 883 692 fide
910 630 1027 717 atque
1050 607 1297 688 humanitate
1334 609 1400 686 in-

242 723 479 833 terposuisse,
492 724 681 829 majorem
695 722 881 831 equidem
894 722 935 800 in
951 722 1117 802 modum
1130 720 1215 799 surn
1227 720 1395 800 laetatus.

243 838 302 915 Ea
326 863 470 945 nempe
495 835 578 945 spes
609 854 704 929 erat,
735 835 850 913 illum
876 834 1103 944 Principem
1129 833 1324 912 voluntati
1353 859 1403 911 ac

241 948 423 1057 precibus
443 945 660 1052 Majestatis
692 947 822 1027 vestrae
845 946 995 1054 aliquid
1019 945 1153 1025 saltem
1178 942 1252 1024 hac
1286 945 1328 1022 in
1354 972 1401 1023 re

242 1058 354 1139 fuisse
373 1059 656 1140 concessurum.
716 1054 870 1138 Verbm
892 1086 985 1138 cum
1010 1085 1137 1165 neque
1156 1056 1299 1150 vestro,
1324 1083 1399 1135 ne-

242 1199 320 1282 que
352 1171 521 1251 aliorum
553 1171 786 1280 Principum
818 1190 955 1277 rogatu
988 1188 1107 1279 atque
1139 1168 1324 1248 instantia
1353 1170 1399 1246 in

241 1283 484 1363 Miserorum
503 1283 615 1363 causa
635 1284 851 1391 quicquam
871 1282 943 1362 etse
963 1283 1219 1391 impetratum
1239 1279 1398 1390 perspi-

241 1396 360 1490 ciam,
388 1394 493 1474 haud
519 1395 694 1475 alienum
719 1394 767 1473 ab
787 1395 919 1474 officio
946 1422 1037 1474 meo
1060 1393 1173 1486 duxi,
1206 1411 1251 1472 ut
1282 1390 1400 1472 hunc

144 1597 148 1609 ,
239 1506 415 1587 nobilem
426 1509 556 1587 virum
570 1506 866 1587 extraordinarii
882 1507 1002 1586 nostri
1015 1503 1281 1584 Commillarii
1297 1533 1396 1584 mu-

241 1646 332 1699 nere
348 1620 580 1699 instruftum
600 1619 648 1698 ad
660 1616 903 1725 Allobrogum
915 1620 1061 1699 Ducem
1073 1617 1272 1696 mitterem
1287 1646 1298 1711 ;
1323 1619 1398 1726 qui

239 1748 353 1810 tantae
365 1730 603 1812 crudelitatis
616 1733 656 1809 in
670 1729 841 1836 ejusdem
855 1729 1058 1810 nobiscum
1069 1729 1290 1836 Religionis
1304 1730 1398 1808 cul-

241 1860 357 1935 tores,
372 1843 490 1950 idque
507 1843 622 1951 ipsius
635 1843 857 1950 Religionis
872 1843 964 1922 odio
977 1840 1173 1931 adhibitae,
1186 1868 1266 1948 quo
1279 1840 1394 1920 sensu

239 1954 398 2047 afficiar,
419 1951 575 2034 uberibs
598 1956 730 2034 eidem
753 1973 937 2065 exponat.
998 1955 1131 2062 Atque
1157 1950 1273 2058 hujus
1297 1956 1394 2060 qui-

238 2067 331 2146 dem
351 2066 577 2173 Legationis
604 2095 650 2145 eo
683 2065 901 2146 feliciorem
930 2067 1084 2146 exitum
1114 2064 1333 2174 speravero,
1364 2065 1393 2144 fi

238 2176 425 2258 adhibere
445 2177 575 2258 denub
595 2197 634 2257 et
653 2178 782 2258 adhuc
800 2179 945 2283 majore
964 2206 1059 2258 cum
1080 2177 1259 2256 instantii
1278 2175 1393 2256 suam

238 2289 516 2370 authoritatem
541 2311 658 2397 atque
679 2319 841 2402 operam
861 2289 1059 2396 Majestati
1076 2289 1222 2369 Vestrae
1247 2288 1392 2396 placu-

238 2404 336 2497 erit;
365 2422 404 2483 et
425 2404 762 2510 quemadmodum
782 2402 915 2482 fideles
935 2400 1017 2481 fore
1036 2402 1124 2482 illos
1142 2403 1279 2511 inopes
1300 2402 1391 2482 dic-

238 2534 357 2622 toque
381 2516 581 2595 audientes
607 2515 783 2624 Principi
814 2514 882 2594 suo
907 2513 986 2622 ipsa
1011 2514 1051 2592 in
1080 2513 1116 2593 se
1140 2513 1301 2622 recepit,
1333 2516 1392 2594 ita

237 2628 333 2704 velit
352 2625 568 2705 eorundem
594 2626 857 2706 incolumitati
881 2644 998 2733 atque
1026 2625 1137 2705 saluti
1161 2652 1311 2718 cavere,
1339 2654 1391 2705 ne

236 2737 333 2844 quid
353 2739 399 2816 iis
419 2735 641 2842 hujusmodi
662 2738 810 2844 injuriae
836 2756 876 2817 et
894 2738 1126 2817 calamitatis
1145 2736 1391 2817 atrociffimae

236 2849 508 2937 innocentibus
521 2870 559 2929 et
574 2851 718 2959 pacatis
734 2850 918 2958 deinceps
936 2848 1136 2929 inferatur.
1179 2846 1273 2926 Hoc
1288 2875 1389 2928 cum

235 2962 277 3040 in
296 2961 332 3041 se
346 2962 498 3067 justum
518 2989 563 3041 ac
583 2960 672 3040 verb
693 2964 847 3069 regium
868 2962 927 3056 fit,
954 2989 1027 3041 nec
1052 2988 1129 3039 non
1149 2958 1388 3066 benignitati

234 3074 363 3153 vestrae
378 3092 494 3181 atque
511 3073 742 3167 clementiae,
758 3103 844 3182 quae
863 3092 922 3153 tot
942 3072 1113 3152 subditos
1127 3069 1271 3151 vestros
1290 3099 1389 3151 ean·

236 3185 326 3263 dem
345 3185 454 3265 illam
472 3184 727 3292 Religionem
744 3185 946 3294 sequentes
961 3185 1108 3291 ubique
1124 3182 1244 3262 salvos
1264 3202 1304 3262 et
1325 3185 1389 3263 in·

235 3296 409 3376 columes
429 3297 594 3405 praestat,
619 3295 772 3378 summe
797 3296 1114 3389 consentaneum,
1135 3291 1157 3374 ὲ
1176 3292 1387 3399 Majestate

235 3406 385 3499 Vestra,
416 3428 459 3487 ut
480 3437 548 3516 par
567 3408 637 3502 est,
662 3436 741 3489 non
765 3410 965 3517 pollumus
988 3409 1086 3516 quin
1112 3410 1386 3514 expectemus.

236 3523 337 3629 Qae
357 3516 430 3597 hac
451 3519 565 3598 fimul
585 3520 717 3628 opera,
738 3549 832 3600 cum
853 3519 1047 3599 universos
1068 3547 1136 3628 per
1156 3516 1385 3625 sua'Regna

234 3629 498 3738 Protestantes,
530 3658 701 3738 quorum
730 3632 901 3711 studium
933 3659 1026 3739 erga
1051 3658 1120 3709 vos
1151 3627 1386 3738 summaque

234 3742 328 3822 fides
349 3743 534 3821 maximis
552 3744 592 3820 in
610 3742 723 3821 rebus
738 3743 934 3852 perspecta
947 3743 1033 3847 jarn
1049 3741 1144 3849 saepe
1164 3759 1205 3820 et
1223 3744 1386 3848 cognita

233 3854 302 3948 est,
330 3852 470 3934 arcliits
490 3853 561 3933 fibi
580 3855 813 3947 devinxerit,
839 3873 925 3933 tum
945 3854 1089 3933 exteris
1109 3853 1230 3932 etiarn
1250 3857 1386 3934 omni-

233 3965 305 4045 bus
326 3965 548 4070 persuasum
569 3966 796 4058 reddiderit,
822 3964 924 4045 nihil
948 3966 996 4045 ad
1015 3963 1093 4045 hoc
1113 3963 1265 4044 facinus
1284 3994 1384 4046 con-

232 4075 357 4157 tuliffe
373 4078 493 4184 Regis
505 4077 726 4170 confilium,
737 4077 924 4186 quicquid
940 4077 1116 4156 Ministri
1131 4076 1250 4182 Regii
1264 4097 1385 4185 atque

234 4185 408 4268 Praefetti
434 4189 698 4268 contulerunt.
760 4189 973 4268 Praesertim
999 4187 1384 4294 srMajestasVestta

231 4327 363 4410 poenas
383 4300 431 4378 ab
452 4300 498 4378 iis
511 4301 692 4379 Ducibus
707 4327 752 4378 ac
765 4301 960 4380 Ministris
975 4299 1125 4379 debitas
1141 4300 1383 4409 repetiverit,

232 4414 302 4521 qui
322 4411 558 4492 authoritate
579 4413 749 4521 propria,
764 4411 907 4519 suaque
923 4440 996 4522 pro
1016 4411 1180 4491 libidine
1200 4430 1283 4493 tam
1301 4414 1384 4493 im-
