2956 4980
170 254 246 307 120
573 215 698 309 Artis
725 215 908 345 Logicae
1113 208 1222 305 Lib.
1243 248 1281 303 z.

166 388 479 497 AEquipollentia
500 390 630 497 itaque
650 418 744 470 cum
759 391 799 468 iii
814 388 940 468 verbis
954 387 1160 480 duntaxat,
1177 413 1259 466 non
1279 389 1317 466 in

167 499 294 594 rebus,
322 499 443 608 pofita
471 501 529 594 sit,
557 503 605 581 ad
627 502 939 581 Grammaticam
967 499 1030 579 vel
1054 499 1106 579 ad'
1129 497 1317 581 Rhetori-

165 639 254 691 cam
274 631 313 691 et
331 614 543 692 verborum
562 616 718 723 copiam
740 612 972 694 remittenda
992 612 1060 691 est.

224 725 435 804 Conversio
455 727 509 805 est
536 728 733 835 prae‘dicati
755 728 870 806 unius
895 723 1174 804 enuntiationis
1195 724 1238 802 in
1258 722 1316 803 lo-

165 865 259 916 cum
271 835 430 942 subjesti
443 838 682 947 transpositio
695 839 743 918 ad
757 837 998 946 probandam
1014 836 1179 915 alteram
1192 863 1316 915 enun-

165 949 385 1042 tiationem,
411 978 496 1057 quae
519 979 569 1029 ex
595 979 640 1030 ea
665 950 953 1059 transpositione
973 949 1048 1028 five
1067 948 1317 1028 conversione

165 1061 346 1140 efficitur.
407 1064 465 1141 Ea
481 1063 625 1172 triplex
639 1061 818 1157 affertur;
839 1061 1020 1170 fimplex,
1034 1087 1104 1169 per
1121 1060 1315 1154 accidens,

164 1190 205 1251 et
223 1200 295 1281 per
313 1176 695 1282 contrapositionem.
747 1175 941 1284 Simplex,
961 1201 1048 1281 quae
1068 1171 1112 1251 fit
1133 1192 1316 1253 manente

165 1285 302 1364 eadem
322 1288 598 1366 enuntiationis
619 1307 657 1367 et
677 1289 893 1395 quantitate
913 1304 953 1364 et
979 1284 1167 1393 qualitate
1194 1283 1315 1394 fitque

164 1398 286 1477 etiarn
314 1398 544 1506 tripliciter;
576 1400 616 1477 in
648 1399 852 1478 universali
881 1416 1073 1504 negante:
1103 1415 1162 1489 ut,
1192 1398 1317 1477 nullus

163 1511 261 1590 liomo
280 1511 328 1617 est
347 1511 455 1618 lapis,
476 1540 562 1618 ergo
576 1512 699 1590 nullus
714 1512 808 1621 lapis
826 1509 874 1618 ςβ
892 1511 1010 1589 domo:
1033 1511 1073 1588 in
1088 1509 1317 1617 particulari

163 1622 382 1702 affirmante
397 1652 408 1714 ;
440 1643 496 1716 ut,
516 1624 650 1732 aliquis
668 1625 766 1704 lomo
784 1624 832 1732 esl
851 1621 971 1717 albus,
991 1650 1078 1728 ergo
1096 1620 1249 1731 aliquod
1257 1623 1316 1702 al·

161 1733 245 1813 bum
264 1735 312 1841 est
330 1736 427 1814 homo
439 1768 452 1813 .·
474 1737 514 1813 iii
535 1737 751 1816 affirmante
772 1735 942 1842 denique
959 1733 1166 1813 universali
1185 1754 1226 1815 et
1246 1762 1314 1814 ne-

162 1845 341 1940 ceffaria3
375 1865 431 1941 ut,
457 1848 684 1929 omnishomo
703 1846 751 1955 est
770 1845 931 1953 ristbilis,
959 1875 1045 1953 ergo
1064 1875 1163 1926 omne
1180 1846 1316 1952 rqibile

162 1957 340 2066 esiliomo.
383 1961 437 2039 Et
457 1958 537 2039 haec
557 1962 613 2040 est
632 1989 709 2040 una
725 1961 908 2040 omnium
927 1958 1227 2038 conversionum
1247 1988 1314 2041 ve·

165 2070 324 2163 riffima,
354 2099 440 2179 quae
468 2091 507 2151 et
532 2074 772 2182 reciprocatio
798 2072 956 2164 dicitur,
988 2070 1139 2179 proprii
1168 2070 1315 2151 scilicet

162 2208 257 2262 curn
278 2182 345 2261 suo
364 2183 549 2290 subjesto,
568 2186 720 2266 definiti
739 2212 834 2265 cum
854 2183 919 2263 sua
937 2181 1180 2262 definitione.

221 2295 433 2375 Converfio
453 2325 523 2407 per
542 2298 718 2377 accidens
742 2314 868 2375 mutat
888 2295 1166 2375 enuntiationis
1186 2322 1312 2402 quan-

163 2408 341 2500 titatem:
362 2409 617 2488 universalem
639 2409 784 2489 scilicet
803 2407 1064 2487 affirmantem
1082 2410 1123 2486 in
1140 2409 1313 2514 particu-

162 2519 310 2599 larem:
334 2540 391 2613 ut,
405 2521 516 2600 omnis
531 2524 627 2601 homo
646 2521 695 2630 est
712 2520 864 2613 animal,
879 2548 966 2625 ergo
981 2517 1157 2629 quoddam
1175 2520 1320 2600 animal

161 2632 337 2738 esthamo
400 2633 475 2711 Per
495 2635 671 2713 accidens
691 2631 792 2712 hanc
812 2631 891 2711 dici
911 2630 1062 2725 volunt,
1086 2632 1180 2739 quia
1208 2631 1313 2711 aliud

162 2746 270 2851 prius
296 2743 482 2852 sequitur,
516 2772 672 2856 nempe,
702 2744 847 2856 quidam
876 2743 976 2823 homo
1004 2742 1052 2851 est
1079 2743 1235 2838 animal,
1265 2771 1314 2823 ex

162 2883 241 2963 quo
262 2855 338 2937 hoc
359 2856 515 2951 deinde,
544 2858 711 2968 simplici
734 2857 997 2949 conversione,
1026 2884 1114 2962 ergo
1138 2854 1315 2965 quoddam

159 2969 304 3049 animal
317 2970 365 3076 est
384 2972 491 3050 lamo.

219 3082 431 3163 Conversio
463 3111 533 3191 per
567 3084 935 3193 contrapositionem
971 3100 1097 3162 mutat
1130 3082 1315 3162 enuntia-

162 3194 278 3273 tionis
303 3195 558 3302 qualitatem;
591 3194 846 3273 universalem
876 3194 1021 3274 scilicet
1049 3195 1316 3274 affirmantem

161 3304 200 3381 in
223 3324 458 3412 negantem:
482 3307 557 3399 vel,
580 3307 620 3383 in
640 3334 717 3414 qua
737 3307 825 3385 loco
851 3306 1010 3411 subjesti
1034 3326 1074 3386 et
1098 3306 1316 3416 praedicati,

160 3418 321 3523 ponitur
349 3416 548 3525 utriusque
578 3419 749 3497 conversi
779 3419 1060 3498 contradictio:
1102 3438 1161 3511 ut,
1202 3419 1317 3499 omnis

161 3528 258 3606 homo
278 3529 325 3636 est
344 3530 561 3621 rationalis;
587 3560 673 3637 ergo
696 3529 929 3638 quodcunque
951 3559 1020 3609 non
1042 3530 1091 3638 est
1112 3529 1315 3624 rationale,

160 3668 229 3719 non
248 3641 296 3747 est
315 3641 413 3720 homo
427 3673 440 3719 :
462 3671 560 3721 omne
576 3643 730 3722 mortale
749 3642 796 3750 est
811 3644 1005 3748 genitum:
1026 3670 1112 3748 ergo
1131 3640 1317 3750 quodnam

160 3753 208 3859 ιβ
223 3752 401 3859 genitum,
423 3782 492 3833 non
511 3753 559 3859 est
577 3754 755 3845 mortale:
776 3754 851 3846 vel,
868 3752 1026 3864 quodess
1045 3781 1114 3832 non
1128 3753 1315 3859 genitum,

159 3864 207 3970 est
225 3894 294 3944 non
312 3867 491 3945 mortale:
512 3863 730 3945 admittendi
744 3863 1056 3973 adsacramenta,
1069 3863 1216 3945 'habent
1227 3882 1317 3975 poe·

158 3977 351 4056 nitentiam
370 3994 407 4056 et
411 3976 553 4084 fldem:
577 4006 662 4083 ergo
681 3976 749 4086 qui
768 3977 848 4057 haec
867 4008 936 4058 non
955 3976 1103 4070 tabent,
1132 4005 1202 4057 non
1213 3975 1315 4083 ſsent

159 4086 389 4168 admittendi.
452 4091 553 4168 Tres
591 4085 706 4168 hosce
745 4090 883 4170 modos
926 4088 1225 4170 converfionum
1264 4118 1317 4169 ex

159 4201 319 4307 Arssot.
341 4219 506 4309 petunt:
529 4202 626 4280 duos
646 4202 794 4310 priores
814 4229 864 4280 ex
886 4229 919 4282 1.
954 4203 1080 4281 Prior.
1095 4228 1131 4280 c.
1152 4224 1192 4279 2.
1208 4200 1316 4281 Ter-

161 4313 261 4392 tium
282 4341 332 4392 ex
355 4338 376 4391 2
399 4314 506 4421 Top.
528 4341 563 4392 c.
591 4340 625 4391 1.
649 4313 889 4419 syllogistica
912 4312 1149 4393 reductionis
1172 4314 1313 4420 gratia,

160 4425 269 4530 cujus
291 4426 480 4505 inutilitas
501 4424 600 4503 infra
621 4424 857 4519 ostendetur,
877 4425 924 4504 ab
945 4425 1027 4536 ipso
1048 4427 1242 4507 inventos.
