2956 4980
155 218 237 318 446
457 195 748 298 Prolusrones
775 199 1012 294 Oratoriae.

157 376 385 468 redduntur,
407 393 447 453 et
473 376 522 453 ad
546 400 664 453 omne
691 400 790 481 opus
817 373 1053 481 paratiores3
1085 371 1140 448 ita
1167 367 1309 481 pariter

159 488 363 581 usuvenit,
377 504 422 565 ut
438 482 620 595 perhanc
637 486 786 591 ingenii
803 485 1017 593 palaestram
1033 484 1310 562 corroboretur

156 627 298 680 nervus
318 600 455 694 animi,
468 617 508 678 et
526 598 633 705 quafi
652 597 794 677 melior
814 596 966 702 sanguis
985 613 1025 676 et
1044 595 1182 675 succus
1201 620 1310 673 com-

158 731 327 821 paretur,
349 729 471 818 utque
495 710 576 819 ipsa
600 706 749 789 indoles
774 710 947 788 limatior
973 707 1040 787 fiat
1063 709 1311 813 acutiorque,

159 843 199 903 et
218 826 266 905 ad
292 825 426 903 omnia
453 822 595 930 sequax
623 840 662 900 et
680 820 880 900 versatilis.
942 819 1064 929 Qod
1086 820 1113 898 sr
1133 819 1223 926 quis
1245 845 1311 896 ur-

158 935 280 1017 banus
300 955 339 1016 et
359 935 513 1044 lepidus
532 931 668 1013 haberi
688 933 801 1027 nolit,
816 959 864 1011 ne
881 932 926 1011 srs
939 930 1017 1010 hoc
1032 931 1091 1009 illi
1107 927 1311 1010 stomacho

160 1048 187 1126 sr
207 1075 380 1157 paganus
401 1065 441 1125 et
467 1044 700 1126 subrusticus
720 1045 961 1153 appelletur;
992 1063 1032 1123 et
1052 1043 1176 1151 probe
1197 1042 1311 1121 novi·

159 1187 248 1240 mus
278 1158 466 1238 illiberale
494 1158 693 1267 quoddam
720 1184 843 1264 genus
871 1155 1099 1248 hominum,
1121 1156 1194 1262 qui
1217 1181 1312 1232 cum

159 1271 229 1379 ipfi
250 1271 402 1379 prorsus
422 1268 554 1349 insulsr
572 1268 643 1347 srnt
658 1288 698 1348 et
712 1268 898 1362 infestivi,
912 1268 1020 1347 suam
1041 1267 1158 1346 tacite
1179 1267 1311 1345 secum

159 1383 389 1462 aestimantes
409 1383 602 1462 vilitatem
621 1399 661 1460 et
680 1380 887 1473 inscitiam,
908 1378 1099 1488 quicquid
1120 1376 1224 1458 sorte
1244 1406 1310 1456 ur-

160 1494 297 1575 banius
309 1494 533 1575 distitatum
546 1493 725 1587 audiunt,
739 1492 779 1572 id
793 1492 922 1571 statim
938 1493 979 1571 in
996 1491 1032 1570 se
1048 1493 1128 1569 dici
1144 1510 1308 1600 putant;

160 1606 272 1714 digni
299 1606 385 1686 sane
411 1607 553 1714 quibus
581 1606 621 1685 id
641 1632 729 1684 vere
753 1606 920 1697 eveniat,
941 1603 1047 1711 quod
1071 1603 1215 1709 injurial
1234 1601 1310 1681 sus-

161 1721 354 1828 picantur,
377 1735 420 1796 ut
440 1718 586 1797 scilicet
612 1716 794 1797 omnium
821 1717 992 1796 dicteriis
1018 1715 1309 1808 everberantur,

160 1858 260 1939 pene
280 1829 499 1937 usquedum
519 1828 768 1939 suspendium
794 1830 982 1935 cogitent.
1043 1827 1119 1906 Sed
1143 1854 1225 1906 non
1244 1855 1310 1907 va-

161 1942 245 2020 lent
262 1941 341 2020 istae
359 1941 570 2021 hominum
589 1941 806 2050 quisquiliae
832 1939 1060 2021 urbanitatis
1078 1940 1312 2046 elegantulae

160 2053 361 2133 licentiam
392 2051 584 2132 inhibere.
656 2053 787 2132 Vultis
820 2054 952 2161 itaque
983 2079 1047 2132 me
1080 2052 1311 2144 Auditores,

162 2165 321 2244 rationis
333 2163 590 2245 fundamento
605 2163 724 2244 fidem
736 2166 1014 2274 exemplorum
1026 2163 1312 2272 superstruere?

162 2279 363 2386 cautique
393 2277 495 2356 mihi
521 2277 676 2357 abunde
704 2277 928 2384 suppetunt,
949 2278 1101 2386 primus
1128 2277 1314 2355 omnium

162 2392 335 2470 occurrit
352 2393 537 2471 Homerus
564 2390 630 2469 ille
657 2390 799 2481 oriens,
821 2409 860 2468 et
881 2388 1042 2496 Lueffer
1062 2388 1243 2468 cultioris
1262 2388 1313 2468 li-

162 2520 351 2594 teraturae,
369 2530 461 2580 curn
481 2530 562 2610 quo
581 2503 709 2581 omnis
729 2501 899 2581 eruditio
919 2520 1105 2608 tanquam
1126 2502 1315 2580 Gemella

163 2633 250 2692 nata
271 2612 351 2706 est;
382 2614 448 2692 ille
468 2616 577 2693 enim
605 2614 803 2693 interdum
827 2610 1049 2693 ltDeorum
1076 2612 1247 2692 confiliis
1274 2631 1314 2692 et

163 2725 277 2803 rebus
295 2725 336 2803 in
357 2725 471 2805 Coelo
497 2727 613 2832 gestis
640 2725 819 2804 divinum
847 2753 1029 2805 revocans
1057 2727 1254 2818 animum,
1276 2745 1316 2805 et

161 2837 209 2916 ad
238 2835 395 2916 facetias
423 2839 631 2930 divertens,
652 2836 829 2916 murium
856 2856 896 2916 et
924 2865 1105 2917 ranarum
1134 2864 1312 2945 pugnam

163 2950 395 3059 lepidiffime
434 2950 643 3059 descripsrt.
717 2950 953 3060 Qinetiam
992 2954 1178 3042 Socrates,
1220 2949 1315 3029 teste

163 3062 312 3170 Pythio,
333 3061 631 3170 sapientissimus
651 3060 717 3139 ille
739 3062 982 3154 mortalium,
998 3060 1216 3167 jurgiosam
1236 3089 1314 3141 ux-

161 3176 238 3253 oris
273 3174 538 3254 morofitatem
577 3175 839 3281 saepenumero
878 3201 999 3281 quam
1037 3173 1184 3252 urbane
1221 3201 1320 3281 per·‘

163 3284 352 3365 strinxisse
383 3284 521 3366 fertur.
582 3287 733 3366 Omnia
763 3287 903 3365 deinde
928 3304 1106 3365 veterum
1132 3284 1315 3365 Philoso-

163 3394 335 3505 phorum
356 3399 530 3478 diverbia
546 3398 620 3477 sale
637 3397 773 3506 sparsa,
789 3417 829 3477 et
848 3398 980 3506 lepore
993 3397 1155 3477 venusto
1174 3398 1314 3504 passrm

162 3508 332 3615 legimus
353 3508 517 3602 referta3
550 3530 589 3588 et
608 3529 713 3588 certe
738 3508 815 3589 hoc
834 3537 961 3589 unum
980 3528 1063 3588 erat
1081 3509 1189 3616 quod
1210 3511 1313 3588 anti-

160 3647 258 3727 quos
278 3647 414 3699 omnes
434 3622 731 3699 Comoediarum
752 3640 791 3700 et
810 3624 1159 3731 Epigrammatum
1179 3623 1314 3731 Scrip-

160 3752 277 3827 tores,
306 3751 346 3812 et
366 3733 612 3811 Graecanicos
640 3752 680 3810 et
699 3733 874 3827 Latinos,
903 3735 1116 3814 aeternitate
1142 3734 1315 3813 nominis

159 3845 333 3926 donavit.
395 3845 592 3956 Qinimo
628 3846 867 3952 accepimus,
904 3846 1091 3926 Ciceronis
1122 3844 1236 3951 jocos
1275 3864 1314 3924 et

161 3955 319 4037 facetias
347 3976 423 4037 tres
444 3957 584 4038 Libros
612 3953 633 4036 ὲ
659 3958 794 4064 l'yrone
821 3958 1056 4066 conscriptos
1078 3957 1310 4066 implevisse.

161 4072 214 4149 Et
233 4070 376 4177 cuique
398 4069 483 4175 jam
504 4071 544 4148 in
565 4070 744 4148 manibus
765 4070 821 4148 est
845 4071 1193 4176 ingeniofiffimum
1212 4070 1312 4149 illud

160 4182 300 4261 Moriae
320 4183 548 4261 encomium
575 4209 652 4260 non
679 4181 808 4260 infimi
834 4184 1041 4290 Scriptoris
1069 4210 1183 4290 opor,
1204 4183 1312 4261 mul-

160 4313 283 4401 taeque
305 4294 387 4371 aliae
406 4293 704 4373 clarislrmorum
729 4291 845 4398 hujus
870 4294 1071 4373 memoriae
1093 4297 1313 4374 Oratorum

158 4407 206 4484 de
228 4407 341 4485 rebus
363 4406 536 4486 ridiculis
562 4425 695 4484 extant
722 4403 828 4483 haud
856 4404 1031 4485 insacetae
1058 4407 1312 4515 prolufiones.
