2956 4980
196 213 308 314 Lib.
339 256 380 317 2,
557 223 713 316 Praxis
739 225 938 353 Logicae.
1243 256 1318 341 177

167 389 362 472 concludi.
424 394 550 499 Cujus
586 393 717 501 Caestrr
748 395 849 476 solus
883 399 1018 476 auctor
1049 396 1119 489 est,
1155 395 1194 473 id
1231 395 1319 504 plus

118 536 122 591 t
169 520 340 585 meretur
373 502 513 599 laudis,
544 505 664 615 quim
696 507 807 612 cujus
843 506 943 587 solus
975 534 1053 586 non
1083 507 1139 586 est
1169 511 1315 587 auctor.

118 598 121 673 l
171 610 319 695 Rerum
358 614 400 697 in
436 617 540 697 bello
577 619 773 724 gestarum
810 617 911 698 solus
950 622 1085 698 auctor
1116 646 1196 697 non
1235 617 1314 712 est;

167 724 383 807 elementiae
398 726 545 808 veroin
561 728 802 810 Marcellum
818 730 990 839 praestitae
1008 728 1131 822 solus;
1153 729 1317 838 proinde

166 835 375 919 clementia
396 840 559 947 Caesaris
577 841 665 951 plus
685 859 858 921 meretur
884 841 1023 934 laudis,
1048 837 1169 948 quim
1194 869 1252 921 res
1274 841 1314 919 in

164 944 267 1030 bello
287 950 416 1057 gestae.
475 951 610 1058 Hujus
629 951 841 1061 syllogismi
865 952 1072 1060 assumptio
1092 971 1246 1032 tantum
1273 953 1313 1030 in

160 1054 239 1139 hoc
256 1063 447 1172 exemplo
461 1065 695 1173 proponitur
707 1095 731 1163 34
749 1060 906 1172 ejusque
922 1064 1029 1173 prior
1044 1091 1131 1172 pars
1150 1092 1315 1144 enume-

157 1170 313 1253 ratione
337 1174 542 1255 causarum
569 1175 855 1281 adjuvantium,
883 1175 1072 1284 posterior
1097 1178 1315 1256 remotione

158 1284 378 1364 earundem
396 1286 622 1367 illustratur.

218 1394 378 1476 Ibidem
396 1399 629 1507 exemplum
648 1395 768 1477 causae
788 1397 1091 1477 instrumentalis
1115 1398 1245 1505 primo
1266 1396 1314 1475 de

159 1504 260 1587 Nat.
281 1505 381 1588 deor.
439 1508 582 1618 Qibus
606 1509 720 1589 oculis
741 1509 857 1609 qnimi
884 1508 1025 1588 intueri
1040 1507 1166 1616 potuit
1197 1507 1315 1614 vester

165 1617 280 1699 Plato
292 1618 492 1726 fabricam
511 1621 613 1701 illam
632 1620 736 1701 tanti
758 1619 888 1727 operis,
913 1649 988 1730 qua
1011 1618 1213 1727 construit>
1233 1620 1316 1699 Deo

162 1744 272 1838 atque
286 1730 471 1838 aedficari
481 1733 635 1814 nondum
640 1731 785 1839 facit?
825 1734 921 1837 Qeae
931 1730 1100 1837 molitio?
1130 1731 1313 1840 quaefer-

164 1841 368 1922 ramenta?
387 1844 455 1953 qui
467 1842 616 1925 velles?
636 1873 719 1953 quae
732 1842 941 1923 machina?
961 1843 1028 1953 qui
1042 1842 1200 1952 minssri
1214 1843 1319 1923 tanti

164 1953 493 2063 operissuerunt?
522 1955 778 2063 syllogismus
790 1953 842 2033 fic
858 1952 933 2033 sese
949 1953 1081 2033 habet.
1143 1954 1229 2062 Qi
1253 1955 1315 2033 in·

164 2062 377 2146 strumenta
415 2094 493 2146 non
537 2066 690 2160 habuit,
730 2067 762 2145 is
802 2065 997 2145 mundum
1036 2093 1115 2145 non
1153 2067 1311 2146 creavit.

164 2174 276 2257 Deus
306 2177 563 2259 instrumenta
596 2206 674 2258 non
709 2176 870 2270 habuit;
910 2204 1018 2283 ergo,
1051 2196 1122 2258 etc.
1182 2176 1314 2281 Hujus

164 2285 374 2396 syllogismi
394 2289 607 2398 propositio
627 2289 821 2369 falfiffima
843 2289 972 2381 deest;
1002 2288 1198 2368 conclusro
1218 2316 1314 2396 prae·

164 2399 289 2493 cedit3
318 2399 536 2511 'assumptio
565 2402 764 2510 sequitur:
803 2428 927 2507 eaque
953 2428 1024 2507 per
1044 2400 1314 2479 inductionem

164 2511 360 2616 quandam
395 2511 614 2621 specierum
653 2511 878 2592 illustratur.
959 2512 1138 2618 Utraque
1177 2529 1312 2590 autem

166 2638 247 2702 tum
278 2623 489 2732 assumptio
521 2644 606 2704 tum
634 2623 829 2704 conclufio
863 2651 933 2731 per
964 2624 1312 2731 interrogationem

167 2727 433 2841 ἷμφατικᾶτερον
454 2755 629 2845 negatur.
