2956 4980
160 218 237 326 308
384 205 546 299 Literae
572 201 765 301 Oliverii
790 203 1082 302 Protedtoris.

161 395 240 456 tate
260 376 384 455 animi
403 404 448 456 ac
465 378 604 457 robore
620 377 708 471 effe,
725 406 773 457 eo
787 376 948 457 consilio
962 403 1007 456 ac
1021 376 1168 454 virtute
1185 372 1316 481 impe-

165 488 319 581 ratorid,
340 506 384 566 ut
404 485 479 567 und
499 489 622 568 vestri
639 490 839 568 voluntate
858 489 929 567 nifi
950 489 1070 568 totius
1085 486 1143 564 rei
1163 484 1316 563 summa

164 627 210 679 ac
243 599 382 692 moles,
418 598 591 707 bellique
625 599 740 705 hujus
779 600 946 678 maximi
980 599 1111 678 exitus
1144 595 1316 704 pendere

165 712 355 790 videatur.
417 717 671 821 Qapropter
694 711 796 791 nihil
815 710 871 790 est
889 710 997 818 quod
1015 709 1172 789 dubitet
1193 705 1317 786 Celfi-

166 822 262 901 tudo
280 822 405 901 vestra
424 827 520 929 quin
541 824 590 902 de
610 823 784 903 amicitia
800 821 928 902 nostra
941 821 1175 927 summoque
1190 817 1317 897 studio

165 933 346 1044 polliceri
360 934 494 1012 omnia
510 934 580 1012 fibi
595 935 732 1041 poffit3
764 935 835 1042 qui
848 933 911 1012 vel
926 932 998 1042 ipli
1010 931 1059 1011 ab
1074 930 1189 1010 omni
1204 929 1316 1008 laude

167 1045 342 1124 derelifti
364 1043 476 1124 nobis
496 1046 735 1139 videremur,
756 1047 784 1125 fi
804 1045 987 1155 praeclari
1010 1042 1080 1121 ists
1101 1041 1180 1121 fide
1201 1059 1316 1147 atque

167 1155 396 1248 constantid,
416 1156 638 1264 caeterisque
654 1157 788 1236 vestris
806 1157 985 1236 laudibus
1000 1150 1133 1232 minus
1148 1152 1316 1232 delecta-

168 1295 315 1360 remur,
336 1285 404 1345 aut
429 1268 539 1348 vobis
565 1269 653 1377 ipfis
677 1269 883 1349 communi
907 1266 1129 1374 Religionis
1156 1265 1315 1344 nomine

169 1379 299 1458 minus
330 1378 576 1460 deberemus.
639 1380 761 1490 Qud
794 1379 822 1459 fi
853 1380 967 1460 rebus
997 1379 1046 1457 ab
1076 1375 1316 1455 ornatiffimo

170 1490 270 1570 Viro
285 1492 435 1600 Joanne
449 1491 640 1572 Friderico
657 1493 834 1573 Schlezer
847 1489 1077 1577 Confiliario
1092 1506 1133 1567 et
1151 1489 1317 1567 Oratore

171 1603 276 1712 apud
296 1631 366 1681 nos
386 1601 510 1683 vestro
529 1604 734 1712 propositis
754 1602 997 1713 respondere,
1018 1628 1090 1710 pro
1110 1628 1159 1680 eo
1174 1628 1221 1678 ac
1241 1598 1318 1677 stu·

170 1714 322 1809 demus,
343 1711 528 1795 haetenus
553 1742 631 1802 non
653 1718 855 1825 potuimus
880 1715 1124 1823 (quanquam
1148 1711 1181 1789 is
1206 1711 1316 1791 omni

171 1825 384 1904 affiduitate
407 1853 452 1903 ac
471 1825 675 1935 diligentia
696 1828 735 1907 id
755 1827 837 1935 agit
855 1846 972 1935 atque
985 1821 1205 1927 contendit)
1224 1848 1317 1902 con-

171 1935 312 2013 ditioni
328 1963 459 2013 rerum
477 1939 695 2017 nostrarum
707 1938 783 2018 hoc
798 1937 893 2017 velit
909 1940 1105 2045 imputare
1118 1933 1319 2012 Celfitudo

170 2045 294 2124 vestra
322 2073 529 2152 rogamus3
562 2048 710 2157 fibique
737 2048 934 2159 imprimis
960 2045 1188 2157 persuadere
1221 2044 1321 2123 nihil

170 2156 281 2235 nobis
302 2155 375 2237 else
395 2160 592 2266 antiquius
612 2181 680 2240 aut
698 2162 883 2269 optatius,
903 2186 1023 2267 quam
1043 2177 1087 2237 ut
1105 2157 1240 2237 vestris
1260 2183 1321 2234 ra·

172 2267 343 2348 tionibus
366 2297 460 2348 cum
487 2271 709 2379 Religionis
739 2270 852 2351 causa
877 2290 958 2350 tam
988 2268 1205 2373 conjundtis
1235 2268 1321 2346 usui

171 2376 532 2488 quamplurimum
553 2402 671 2491 atque
690 2382 856 2463 subsidio
873 2382 948 2461 effe
967 2380 1168 2490 poffimus.
1214 2379 1323 2458 Inte·

172 2493 250 2569 rim
282 2510 362 2569 tam
392 2494 494 2570 clara
521 2495 640 2573 virtus
666 2522 711 2573 ac
738 2493 928 2574 fortitudo
953 2520 1002 2572 ne
1031 2493 1113 2571 ullo
1141 2510 1324 2598 tempore

173 2600 328 2680 deficiat
358 2622 426 2680 aut
457 2606 718 2711 opprimatur,
750 2603 916 2713 digndve
948 2604 1061 2684 laude
1093 2623 1160 2683 aut
1189 2601 1325 2681 fructu

172 2732 301 2792 careat
320 2714 457 2792 Deum
480 2717 579 2823 Opt.
602 2717 717 2795 Max.
738 2744 959 2825 precamur.

258 2841 322 2916 Ex
341 2840 449 2919 Aula
468 2840 589 2948 nostra
609 2842 666 2920 W
660 2841 929 2952 essmonasterio.

358 2951 435 3030 Die
456 2952 558 3060 Sept.
581 2956 660 3032 An.
691 2954 809 3060 1657.

527 3063 777 3142 Celfitudinis
798 3064 943 3144 Vestrae
963 3062 1268 3143 Studiofiffimus

708 3175 901 3256 Olrueriur

634 3286 834 3367 Protector
855 3289 973 3397 Reip.
998 3285 1166 3393 Angliae,
1186 3287 1267 3364 dcc.

174 3556 474 3660 Excellentr'ffl'mo
494 3559 666 3652 Domino,
689 3562 847 3641 Domino
865 3559 908 3639 de
935 3559 1186 3650 Bourdeaux,
1213 3559 1325 3636 Sere·

248 3666 291 3744 ni
323 3668 376 3746 mi
396 3668 609 3748 Galliarum
630 3672 744 3778 Regis
764 3674 909 3779 Legata
927 3669 1239 3751 extraordinario.

259 3829 592 3909 Excellentissime
614 3833 805 3926 Domine,

262 3949 459 4032 Ostulavit
471 3950 492 4031 a
505 3956 752 4034 Sereniffimo
765 3958 944 4036 Domino
958 3954 1330 4046 ProteeloreAEucas

287 4064 430 4143 Lucius
450 4067 651 4146 Mercator
667 4067 900 4174 Londinerfis
919 4068 966 4147 de
984 4068 1048 4146 sua
1067 4065 1236 4174 quadam
1254 4091 1325 4142 na-

173 4177 226 4265 vi,
249 4176 313 4253 cui
335 4204 478 4254 nomen
494 4177 645 4271 Maria,
660 4207 745 4285 quae
764 4209 856 4258 cum
872 4180 921 4259 ab
942 4177 1127 4258 Hibernia
1143 4174 1328 4281 Bajonam

173 4305 338 4396 peteret,
359 4287 397 4364 vi
419 4288 658 4395 tempestatis
674 4294 720 4369 ad
726 4291 869 4397 sanum
884 4291 969 4370 divi
981 4288 1146 4397 Joannir
1157 4287 1201 4368 de
1214 4289 1324 4380 Luz,

174 4398 346 4506 appulsa,
370 4399 425 4476 ibi
452 4419 601 4478 retenta
625 4422 664 4480 et
688 4422 877 4512 occupata
900 4403 957 4481 est
980 4402 1132 4481 actione
1152 4397 1329 4480 Martini

170 4509 369 4615 cujusdam
389 4512 454 4589 De
473 4512 638 4604 Lazon,·
670 4542 740 4594 nec
759 4516 936 4596 restituta
955 4514 1081 4594 donec
1100 4508 1324 4621 iprocura-
