2956 4980
458 221 750 322 Prolufiones
776 230 1014 323 Oratoriae.
1227 247 1315 356 469

164 399 345 480 formicis
365 429 425 481 res
445 401 673 495 domestica,
694 403 830 483 civitas
859 404 997 512 apibus
1024 403 1140 483 debet
1153 436 1163 499 ;
1195 433 1318 484 excu-

164 511 247 592 bias
268 511 453 607 habendi,
476 515 708 622 triquetram
736 516 863 594 aciem
890 516 1096 594 ordinandi
1126 519 1318 596 rationem

163 653 224 704 ars
256 625 437 705 militaris
472 652 619 733 gruum
650 625 723 705 esse
757 626 943 733 agnoscit.
1004 629 1169 736 Sapiunt
1203 629 1318 708 altius

164 735 308 830 bestiae,
328 765 450 846 quam
470 756 514 816 ut
540 738 607 816 suo
634 759 738 817 coetu
766 757 805 817 et
832 738 1027 818 consortio
1054 741 1317 846 ignorantiam

163 848 405 955 dignentur;
456 847 618 928 inferius
657 850 883 929 detrudunt.
945 851 1057 959 Qid
1096 852 1217 958 ergo?
1267 852 1315 928 ad

164 979 321 1040 truncos
340 979 380 1039 et
399 961 500 1039 saxa.
560 963 617 1040 At
636 962 707 1068 ipfi
725 963 867 1054 trunci,
886 960 965 1070 ipsa
980 961 1147 1056 arbusta,
1166 981 1316 1041 totum-

163 1099 242 1179 que
256 1100 393 1151 nemus
408 1072 457 1150 ad
469 1071 686 1151 dostiffima
702 1073 845 1183 Orphei
856 1074 1029 1152 carmina
1042 1072 1175 1152 solutis
1187 1101 1314 1182 quon-

163 1186 255 1263 dam
271 1184 465 1263 radicibus
480 1181 721 1264 festinavbre.
781 1187 888 1291 Saepe
904 1186 1023 1263 etiam
1039 1185 1314 1292 mysteriorum

162 1323 339 1404 capaces,
369 1314 413 1375 ut
439 1323 606 1403 quercus
633 1297 733 1375 olim
759 1295 958 1389 Dodoneae,
984 1296 1116 1375 divina
1145 1297 1317 1376 OracuIa

162 1408 379 1487 reddiddre.
440 1409 539 1486 Saxa
557 1408 676 1487 etiam
700 1407 810 1486 sacrae
830 1409 1040 1486 Poetarum
1061 1408 1147 1486 voci
1175 1409 1315 1487 docili-

163 1537 242 1597 tate
262 1520 431 1626 quidam
453 1518 708 1627 respondent:
741 1546 788 1597 an
809 1539 848 1598 et
869 1517 950 1599 haec
970 1517 1218 1626 aspernantur
1237 1515 1258 1597 ὲ
1277 1518 1315 1599 se

164 1631 462 1735 Ignorantiam?
516 1632 631 1710 Num
669 1630 791 1738 igitur
824 1629 924 1709 infra
950 1657 1069 1710 omne
1101 1631 1314 1711 Brutorum

162 1769 301 1848 genus,
323 1743 422 1822 infra
451 1742 609 1851 Stipites
637 1761 677 1821 et
706 1743 819 1834 Saxa,
840 1740 941 1821 infra
968 1768 1130 1820 omnem
1152 1743 1314 1822 Naturae

162 1854 341 1934 ordinem
363 1853 497 1935 licebit
514 1857 555 1933 in
569 1854 639 1933 illo
656 1854 945 1964 Epicureorum
964 1881 1041 1932 non
1058 1852 1130 1933 effe
1145 1854 1314 1962 requies·

161 1968 278 2044 cere?
338 1968 404 2046 Ne
432 1967 471 2045 id
502 1967 691 2073 quidem:
722 1959 1045 2074 quandoquidem
1071 1965 1219 2044 necesse
1243 1966 1313 2059 est,

161 2077 268 2183 quod
290 2079 414 2187 pejus,
436 2080 541 2185 quod
562 2079 693 2173 vilius,
713 2076 821 2185 quod
841 2079 967 2186 magis
988 2076 1190 2169 miserum,
1207 2078 1313 2186 quod

163 2188 347 2267 infimum
368 2190 438 2282 est,
460 2188 532 2268 effe
554 2190 849 2296 Ignorantiam?
907 2189 972 2267 Ad
989 2217 1057 2268 vos
1074 2190 1203 2280 venio,
1223 2191 1312 2267 Au-

160 2300 306 2379 ditores
326 2301 682 2406 intelligentiffimi,
700 2327 789 2379 nam
807 2299 941 2409 etipse
957 2299 984 2378 si
1001 2298 1099 2379 nihil
1114 2299 1310 2393 dixiffem,

160 2438 228 2489 vos
249 2410 351 2492 mihi
371 2432 428 2492 tot
447 2439 526 2492 non
553 2431 634 2492 tam
653 2413 917 2519 Argumenta,
938 2439 1057 2521 quam
1084 2410 1160 2490 tela
1180 2411 1309 2504 vide0,

159 2550 246 2630 quae
266 2552 340 2631 ego
361 2525 402 2601 in
419 2524 688 2629 Ignorantiam
709 2522 895 2632 usquead
916 2524 1131 2631 perniciem
1152 2541 1311 2602 contor-

160 2637 305 2740 queb0.
347 2638 436 2742 Ego
449 2635 534 2740 jam
550 2635 763 2715 Classicum
784 2636 925 2728 cecini,
941 2663 1008 2714 vos
1028 2635 1129 2715 ruite
1150 2636 1190 2714 in
1211 2662 1309 2743 prae-

161 2745 288 2840 lium;
321 2746 563 2826 summovere
590 2744 612 2827 ὲ
642 2745 751 2825 vobis
781 2744 933 2827 hostem
958 2745 1074 2840 hanc,
1104 2744 1309 2855 prohibete

160 2858 292 2937 vestris
312 2859 527 2967 porticibus
548 2877 587 2937 et
604 2856 864 2954 ambulacrjsr
895 2856 997 2938 hanc
1017 2859 1044 2937 fi
1064 2857 1213 2965 aliquid
1234 2859 1307 2937 eise

161 2970 381 3074 patiamini,
401 2998 469 3049 vos
495 2970 565 3078 ipsi
593 2970 691 3049 illud
716 2970 838 3062 eritis,
858 2971 966 3079 quod
986 2969 1104 3049 nostis
1124 2970 1307 3049 omnium

160 3079 233 3159 eise
254 3078 534 3160 miserrimum.
594 3080 733 3160 Vestra
751 3082 881 3190 itaque
903 3080 984 3160 haec
999 3081 1180 3159 omnium
1196 3081 1307 3161 causa

160 3193 228 3269 est.
290 3199 423 3303 Qare
461 3193 488 3271 fi
526 3219 601 3299 ego
634 3192 720 3297 jam
759 3193 887 3272 multo
925 3191 1077 3272 fortaIIe
1115 3192 1307 3300 prolixior

159 3302 319 3398 fuerim,
341 3333 462 3413 quam
492 3332 563 3411 pro
592 3304 870 3383 consuetudine
901 3301 1015 3407 hujus
1047 3304 1124 3383 loci
1158 3304 1307 3398 liceret,

159 3435 417 3526 praeterquam
441 3415 546 3523 quod
573 3414 655 3523 ipsa
684 3414 740 3493 rei
769 3415 938 3521 dignitas
968 3413 1044 3494 hoc
1074 3414 1307 3522 postulabat,

159 3526 300 3606 dabitis
327 3546 366 3606 et
389 3555 457 3606 vos
484 3523 585 3604 mihi
611 3527 782 3618 veniam,
806 3527 962 3634 opinor,
984 3527 1159 3630 Judices,
1180 3556 1306 3635 quan-

158 3637 389 3744 doquidem,
414 3656 521 3717 tanto
552 3638 678 3743 magis
710 3637 930 3748 intelligitis
959 3639 1000 3716 in
1023 3665 1091 3716 vos
1122 3667 1203 3746 quo
1235 3639 1306 3719 fim

158 3752 306 3842 animo,
331 3777 453 3858 quam
485 3748 600 3827 vestri
638 3748 841 3843 studiosus,
869 3777 967 3857 quos
1000 3748 1184 3842 Labores,
1209 3779 1305 3858 quas

159 3862 326 3967 Vigilias
346 3861 468 3940 vestri
488 3860 602 3940 causi
623 3887 700 3938 non
721 3863 945 3939 recusirim.
1007 3860 1120 3938 Dixi.

476 4157 618 4229 Endos
631 4158 782 4229 Vqume
800 4154 858 4225 the
878 4151 985 4225 Fifth.

373 4396 542 4406 m

373 4442 493 4478 PRIN'I'EI)
507 4442 542 4478 nt
559 4441 681 4479 etiams
697 4438 923 4484 wttmtttotunt,
937 4437 1084 4482 ctttswtctr,

636 4551 760 4604 IIII2
