2956 4980
387 219 550 315 Literae
578 217 771 315 Oliverii
797 222 1086 316 protectoris.
1236 263 1309 342 311

159 387 336 468 conditio
355 390 587 470 dilationem
603 391 734 472 salutis
754 391 901 473 diutibs
921 420 999 473 non
1020 394 1119 476 fert:
1149 422 1258 488 eum,
1285 397 1312 473 fi

157 502 324 579 omnino
351 500 500 581 salvum
525 504 656 596 vultis,
684 504 809 583 danda
835 534 953 613 opera
977 506 1046 596 est,
1068 526 1113 585 ut
1135 506 1311 614 squalore

159 611 231 691 illo
258 615 422 693 carceris
455 616 656 694 teterrimo
679 617 978 723 quamprimum
1004 617 1204 697 liberetur.
1265 618 1311 696 Id

158 722 239 802 fine
269 751 395 818 mora,
429 726 506 804 fine
538 726 696 806 hortatu
727 728 847 806 etiam
877 729 1005 807 nostro
1036 728 1312 808 humaniffimd

157 835 360 914 voluntate
380 837 504 916 vestra
523 837 692 918 faduros
711 866 780 918 vos
800 839 874 917 elle
894 840 1155 920 confidimus:
1186 866 1311 946 quan-

156 946 376 1054 doquidem
389 948 553 1053 justitia,
574 950 857 1043 moderatione,
874 970 990 1057 atque
1006 952 1212 1059 prudentia
1232 978 1310 1029 non

149 1058 294 1136 *minus
314 1087 436 1164 quam
455 1060 550 1139 belli
569 1062 695 1167 gloria
706 1061 954 1168 victoriisque
975 1061 1144 1143 floretis:
1176 1064 1310 1170 Atque

155 1186 201 1247 ut
235 1170 448 1250 diutiffime
481 1170 662 1265 floreatis,
696 1172 850 1252 devicto
886 1171 993 1253 hoste
1029 1174 1309 1285 potentillimo,

160 1280 303 1360 Deum
325 1283 424 1390 Opt.
447 1284 562 1362 Max.
586 1311 806 1393 precamur.

246 1405 552 1513 Wsstmonasterio
571 1437 617 1486 ex
636 1408 744 1487 Aula
763 1407 898 1515 nostra,

324 1517 402 1597 Die
424 1517 553 1597 octob.
577 1521 656 1596 An.
685 1520 803 1625 1657.

426 1629 716 1709 Celfitudinum
735 1631 948 1709 vestrarum
970 1626 1256 1709 studiofissimus

606 1741 798 1820 Oliverius
819 1742 925 1818 Prot.
949 1741 1065 1847 Reip.
1089 1744 1211 1848 Angl.
1234 1744 1309 1821 &c

158 2109 362 2190 Oliverius
392 2112 589 2190 Protetior
621 2114 727 2222 Reip.
758 2112 928 2218 Angliae,
965 2112 1043 2192 &a
1080 2114 1244 2193 Excelts
1274 2131 1310 2190 et

209 2222 504 2412 {reppogntibus
523 2223 695 2303 Dominis
720 2226 915 2304 Foederati
940 2224 1069 2330 Belgii
1098 2223 1312 2316 Ordinibus,

158 2496 316 2576 Excelsr
335 2514 375 2575 et
395 2516 650 2605 praepotentes
667 2496 852 2588 Domini,
874 2494 1011 2574 Amici

331 2634 376 2687 ac
397 2610 431 2687 F
431 2609 592 2688 oederati
612 2607 840 2700 chariffimi,

263 2731 359 2809 Edit
383 2730 431 2810 ad
455 2761 524 2810 vos
544 2733 618 2810 Vir
641 2731 914 2811 illustriffimus
938 2730 1141 2809 Gulielmus
1160 2732 1313 2839 Nuport

246 2868 252 2875 ·
292 2845 463 2949 Legatus
482 2844 606 2922 vester
626 2845 735 2922 annis
748 2843 834 2947 jam
854 2842 1004 2949 aliquot
1027 2842 1131 2949 apud
1152 2867 1222 2921 nos
1241 2869 1312 2920 ex·

160 2955 461 3033 traordinarius:
494 2953 557 3033 sed
589 2955 643 3033 ita
669 2955 783 3047 redit,
805 2955 929 3062 petito
955 2952 1002 3030 ad
1028 2971 1184 3058 tempus
1210 2952 1313 3031 dun·

160 3083 269 3144 taxat
293 3062 316 3144 ὲ
339 3066 448 3145 vobis
471 3086 710 3159 commeatu,
737 3084 781 3144 ut
811 3093 905 3144 eum
934 3063 1043 3141 brevi
1070 3060 1313 3142 reversurum

158 3173 374 3282 speremus.
435 3178 625 3257 Etenim
653 3178 708 3256 est
733 3176 825 3268 fide,
849 3174 1066 3285 vigilantia,
1091 3176 1311 3282 prudentii,

158 3289 341 3394 aequitate
361 3289 465 3396 apud
485 3315 554 3369 nos
575 3291 616 3368 in
640 3288 707 3368 suo
733 3316 896 3366 munere
917 3284 1100 3378 versatus,
1121 3305 1165 3365 ut
1184 3286 1310 3391 majo-

158 3425 248 3477 rem
279 3401 321 3478 in
345 3428 583 3508 unoquoque
614 3428 757 3507 genere
787 3400 974 3478 virtutem
999 3424 1043 3477 ac
1074 3397 1310 3505 probitatem

158 3536 290 3616 neque
309 3539 378 3591 nos
398 3511 608 3592 defiderare
632 3514 672 3590 in
698 3514 863 3617 Legato,
883 3510 1046 3616 viroque
1067 3510 1221 3616 optimo
1240 3538 1311 3588 ne·

157 3648 240 3727 que
259 3650 328 3702 vos
348 3623 516 3730 possitis3
548 3653 595 3702 eo
615 3626 747 3701 animo
768 3649 811 3700 ac
830 3623 956 3702 studio
976 3622 1023 3700 ad
1044 3648 1183 3728 pacem
1207 3622 1308 3700 inter

158 3759 233 3811 nos
251 3751 292 3812 et
311 3735 528 3814 amicitiam
551 3735 628 3813 fine
653 3733 745 3813 fuco
772 3752 811 3811 et
836 3731 970 3811 fraude
993 3732 1309 3824 conservandam,

159 3861 207 3923 ut
226 3844 296 3923 illo
316 3846 418 3925 hanc
439 3848 698 3953 Legationem
720 3844 890 3923 obeunte
910 3844 1007 3951 quid
1027 3845 1128 3922 inter
1152 3871 1222 3923 nos
1246 3844 1309 3922 of·

160 3952 345 4036 fenfionis
367 3976 436 4037 aut
462 3958 632 4067 scrupuli
656 3956 820 4035 suboriri
848 3974 980 4061 queat,
1010 3974 1076 4034 aut
1101 3953 1310 4061 pullulare,

160 4094 243 4145 non
273 4068 490 4149 videamus.
550 4072 604 4148 Et
630 4067 833 4147 disceffum
858 4065 946 4146 sanb
973 4065 1054 4171 ejus
1086 4065 1310 4146 molestiore

159 4179 297 4258 animo
316 4179 522 4273 ferremus,
542 4179 616 4260 hac
636 4180 846 4288 praesertim
866 4207 997 4259 rerum
1018 4205 1062 4256 ac
1083 4198 1310 4285 temporum

161 4290 432 4386 inclinatione,
452 4293 521 4372 nifi
542 4292 865 4401 persuafiffimum
886 4291 997 4371 nobis
1017 4289 1092 4369 hoc
1112 4289 1217 4380 effet,
1239 4317 1308 4367 ne-

162 4403 317 4483 minem
337 4404 478 4484 melius
498 4404 601 4513 poffe
622 4423 689 4484 aut
707 4404 860 4484 fidelius
874 4403 937 4482 vel
953 4431 1084 4482 rerum
1101 4400 1309 4508 utrobique
