2956 4980
365 210 656 310 Prolufiones
682 218 921 310 Oratoriae.
1136 259 1183 334 41
1196 259 1216 340 3

62 391 248 498 injeslam
268 397 400 475 AEtnae
421 395 575 473 Montis
594 394 784 474 eludatus
804 396 859 474 est
877 397 1057 476 molem?
1078 425 1125 476 an
1146 396 1216 476 de-

63 505 200 611 nique,
214 506 379 614 decepto
393 505 566 600 Cerbero,
587 508 732 586 catenis
752 507 1010 588 adamantinis
1030 507 1216 591 subduxit

62 614 101 693 se
117 615 336 696 Briareus?
365 618 462 725 quid
481 617 537 696 est
556 618 765 726 aliquando
785 619 958 714 tandem,
978 620 1084 728 quod
1105 623 1214 703 Deos

64 754 199 807 manes
218 728 267 808 ad
283 729 461 808 Coelestis
481 730 639 837 imperii
659 729 767 838 spem
780 729 864 836 jam
885 730 999 810 tertio
1018 734 1210 829 erexerit3

63 838 211 918 adeone
231 841 567 920 contemnendum
579 841 696 949 Jovis
709 840 888 921 fulmen?
909 842 1045 922 adeon'
1063 871 1135 952 pro
1156 845 1214 922 ni-

62 947 149 1031 hilo
168 952 341 1060 putanda
354 951 526 1033 Palladis
540 955 684 1032 invista
704 955 840 1047 virtus,
853 956 931 1061 qud
951 973 1097 1035 tantam
1114 957 1213 1036 olim

62 1062 167 1143 inter
180 1065 416 1172 Terrigenas
436 1063 572 1145 fratres
599 1065 722 1145 edidit
746 1067 953 1172 stragem?
1001 1067 1212 1147 Exciditne

62 1176 198 1256 animo
217 1177 376 1283 infignis
396 1176 462 1255 ille
481 1204 552 1284 per
566 1177 668 1256 Coeli
685 1178 858 1288 Templa
871 1176 1007 1258 Liberi
1022 1181 1142 1288 patris
1161 1208 1211 1258 ex

62 1286 282 1395 profligatis
296 1288 533 1396 Gigantibus
553 1286 805 1396 triumphus?
836 1290 1085 1395 Neutiquam
1104 1290 1211 1372 sane:

63 1400 250 1478 meminit
270 1400 337 1479 illa
356 1398 493 1510 probe,
514 1427 585 1479 nec
605 1400 683 1478 fine
703 1398 928 1508 lachrymis,
951 1400 1213 1483 consternatos

64 1510 268 1619 plerosque
285 1509 306 1591 ὲ
321 1512 425 1621 Jove
441 1513 593 1591 Fratres
613 1510 905 1621 superstitesque
920 1531 1075 1593 caeteros
1093 1512 1213 1622 usque

63 1622 112 1701 ad
136 1624 395 1731 penitiffimos
420 1622 644 1703 lnserorum
670 1624 832 1704 recessus
856 1625 896 1702 in
924 1622 1062 1731 fugam
1083 1630 1211 1720 astos3

64 1753 106 1813 et
123 1754 228 1815 certe
241 1735 327 1840 jam
348 1734 448 1815 nihil
474 1737 604 1815 minus
633 1763 755 1843 quam
781 1734 932 1815 bellum
951 1736 1112 1816 adornat
1134 1756 1212 1817 tre·

64 1846 170 1954 pida,
185 1848 386 1955 querelam
404 1848 535 1958 potius
552 1866 591 1926 et
606 1847 692 1926 lites
704 1846 873 1941 instruit,
886 1866 1003 1956 atque
1016 1875 1087 1955 pro
1103 1876 1212 1928 more

64 1958 291 2041 Mulierum
310 1961 396 2068 post
416 1988 500 2039 rem
520 1959 716 2066 unguibus
736 1978 775 2038 et
795 1961 938 2069 pugnis
955 1958 1109 2038 sortiter
1126 1958 1213 2068 ges-

64 2087 147 2149 tam
167 2073 215 2152 ad
235 2071 483 2182 colloquium
495 2070 560 2150 seu
574 2073 701 2150 verius
714 2071 762 2150 ad
775 2073 902 2151 rixam
920 2073 1041 2165 venit,
1055 2071 1214 2179 pericli-

63 2200 205 2278 tatura,
232 2185 388 2292 opinor,
410 2179 593 2290 lingudne
622 2182 708 2291 plus
740 2210 789 2262 an
813 2183 931 2262 armis
955 2183 1093 2262 valeat.
1153 2185 1210 2263 At

62 2321 157 2374 vero
187 2323 307 2403 quam
333 2295 566 2388 inconsultd,
595 2322 715 2402 quam
749 2314 986 2400 arroganter,
1013 2321 1212 2402 quamque

63 2405 187 2485 debili
205 2407 325 2486 causae
344 2406 460 2487 titulo
486 2433 563 2516 prae
589 2405 652 2484 die
674 2404 869 2485 summam
892 2433 1022 2484 rerum
1049 2405 1211 2501 ambiat,

64 2518 251 2628 expedire
282 2517 435 2599 festino.
497 2516 625 2596 Video
656 2518 846 2626 fiquidem
877 2535 917 2595 et
949 2514 1071 2626 ipsam
1104 2517 1212 2596 diem

65 2630 176 2709 Galli
195 2649 312 2711 cantu
331 2627 662 2740 expergesastam,
687 2629 799 2709 cursu
823 2626 935 2709 solito
954 2627 1123 2708 citatiori
1143 2628 1212 2709 ad·

62 2741 283 2852 properasse
302 2742 350 2822 ad
370 2743 453 2822 suas
473 2741 604 2820 laudes
624 2739 899 2821 exaudiendas.
951 2743 1006 2820 Et
1023 2741 1213 2848 quoniam

63 2852 327 2962 unusquisque
347 2851 424 2934 hoc
445 2853 642 2962 imprimis
661 2853 708 2931 ad
731 2850 899 2932 honores
924 2870 963 2930 et
979 2851 1096 2931 decus
1116 2880 1211 2931 con-

63 2963 166 3045 ferre
190 2965 410 3060 arbitratur,
435 2965 463 3044 fi
487 2965 535 3044 ab
559 2963 752 3072 generosis
778 2960 989 3042 Natalibus
1017 2981 1057 3042 et
1085 2961 1211 3071 prisco

65 3077 229 3184 Regum
247 3077 309 3156 vel
331 3078 513 3156 Deorum
536 3075 721 3183 sanguine
747 3073 959 3153 oriundum
985 3071 1021 3151 se
1047 3101 1207 3182 compe·

64 3192 173 3267 terit.
218 3187 447 3267 Videndum
466 3189 598 3296 primo
617 3204 704 3265 utra
722 3212 864 3292 genere
884 3185 929 3263 fit
947 3184 1100 3278 clarior,
1116 3213 1212 3264 mox

63 3325 245 3405 quaenam
260 3301 490 3407 antiquitate
505 3296 733 3378 honoratior
747 3327 757 3390 ;
779 3294 869 3374 dein
889 3292 971 3375 haec
986 3322 1035 3375 an
1056 3296 1122 3375 illa
1136 3296 1213 3376 hu·

64 3414 190 3492 manis
220 3411 349 3491 usibus
379 3409 712 3492 accommodatius
741 3406 933 3486 inserviat.
993 3408 1114 3517 Apud
1143 3437 1212 3488 ve·

64 3523 289 3602 tustiffimos
318 3525 449 3632 itaque
488 3518 753 3629 Mythologiae
783 3517 985 3626 scriptores
1015 3521 1215 3599 memoriae

63 3632 201 3715 datum
219 3636 386 3742 reperio,
401 3635 709 3740 Demogorgonem
724 3631 906 3711 Deorum
926 3632 1106 3710 omnium
1118 3632 1216 3710 Ata-

64 3772 161 3824 vum
183 3746 321 3854 (quem
341 3748 511 3824 eundem
534 3763 574 3823 et
596 3741 727 3822 Chaos
747 3740 795 3820 ab
815 3742 984 3849 antiquis
1009 3768 1213 3849 nuncupa-

65 3873 154 3936 tum
186 3855 375 3963 hariolor)
416 3857 517 3935 inter
543 3855 638 3934 alios
667 3852 848 3943 Liberos,
883 3879 982 3959 quos
1013 3851 1214 3931 sustulerat

64 3967 273 4076 plurimos,
294 3970 463 4047 Terram
481 3964 676 4072 genuisse3
708 3961 796 4055 hac,
819 3963 968 4040 incerto
988 3980 1097 4068 patre
1117 3990 1213 4042 noc·

64 4097 149 4158 tem
167 4078 280 4158 fuisse
300 4098 555 4189 prognatam;
577 4075 756 4184 quamvis
776 4072 894 4180 paulo
911 4072 1023 4152 aliter
1036 4073 1215 4180 Hassodus

63 4218 153 4271 eam
175 4188 465 4297 Chaogenitam
485 4188 580 4268 velit
598 4184 675 4265 hoc
695 4181 963 4276 Monasticho,

136 4455 138 4457 ·
168 4406 240 4512 Ἐξ
258 4409 366 4512 χᾶεος
385 4405 414 4489 δ’
435 4406 619 4516 Ἐρεβὸστε
640 4403 789 4516 μίλαινᾶ
809 4442 846 4487 τε
867 4402 925 4505 νύξ
945 4403 1105 4509 ἐγίνοντο.
