2956 4980
111 84 114 91 Ι
216 131 291 237 176
602 116 758 210 Praxis
785 116 983 246 Logicae.
1146 111 1258 209 Lib.
1288 152 1330 208 2.
1446 137 1447 140 ‘

206 291 317 371 versu
342 317 377 370 1.
437 291 527 387 Me,
545 318 610 371 me
630 289 776 372 scilicet
793 290 976 385 occidite,
996 288 1037 369 in
1057 316 1122 370 me
1142 290 1366 371 convertite
1448 309 1449 312 ‘

207 403 371 498 ferrum,
387 422 458 485 etc.

264 516 450 624 Ejusdem
470 516 590 596 causae
609 516 840 626 exemplum
859 514 981 609 aliud,
1002 514 1044 593 in
1058 514 1237 596 oratione
1254 512 1363 594 Cr'cc-

206 628 306 709 ronis
323 629 399 710 Pro
420 629 618 710 Marcello.
650 630 755 709 Nam
773 628 922 709 bellicas
939 626 1065 707 laudes
1068 627 1193 735 solent
1212 625 1364 736 qus‘dam

203 760 405 822 extenuare
423 741 561 836 verbis,
582 739 709 850 cdsque
724 740 917 822 detrahere
933 738 1087 820 ducibus
1104 756 1142 819 et
1160 738 1360 820 communi-

204 882 293 934 care
311 883 394 935 cum
408 854 548 948 multis,
568 884 612 934 ne
625 853 881 963 propriaestnt
899 852 1182 961 imperatorum:
1201 869 1240 931 ct
1258 852 1360 933 cert>

204 965 243 1045 in
261 967 377 1046 armis
394 966 552 1046 militum
570 967 710 1059 virtus,
727 965 884 1047 locorum
899 966 1167 1074 opportunitas,
1170 962 1360 1070 socierum

204 1077 365 1172 auxilia,
386 1077 522 1188 claffls,
550 1097 768 1158 commeatus
785 1078 940 1158 multum
956 1077 1132 1184 juvant:
1161 1075 1359 1157 marturam

204 1189 294 1269 verb
311 1207 476 1299 purtem,
496 1190 602 1299 quast
611 1189 684 1297 stso
701 1189 809 1296 jure,
824 1189 994 1299 fortuna
1007 1187 1092 1294 fibi
1108 1186 1298 1282 vendicat,
1322 1206 1440 1268 et-·

203 1302 380 1413 quicquid
393 1302 442 1411 cst
454 1302 628 1411 prosper>
643 1302 795 1409 gestum,
822 1301 865 1383 id
875 1302 970 1411 pen>
991 1330 1089 1381 omne
1112 1298 1353 1406 ducitstcum.
1386 1360 1448 1377 ...

204 1418 267 1495 At
277 1414 371 1496 -verd
385 1413 497 1520 hujus
510 1415 658 1521 gloriae,
676 1413 815 1508 Caesar,
830 1443 941 1524 quam
955 1443 993 1494 es
1003 1411 1118 1523 pauli
1136 1412 1227 1492 ant>
1244 1411 1456 1522 adep—-

202 1526 422 1637 tus,socium
443 1526 554 1607 habes
572 1528 771 1606 neminem:
801 1544 918 1607 totum
945 1527 1011 1605 hoc
1038 1544 1463 1636 quantumcunque&

202 1638 366 1748 estquod
381 1641 480 1719 certi
503 1639 700 1719 martinum
729 1637 791 1747 est,
811 1657 942 1731 totum,
968 1637 1130 1748 inquam,
1160 1636 1403 1744 esttecum...
1438 1660 1465 1705 ··

203 1750 322 1830 Nihil
334 1750 408 1832 tibi
421 1780 466 1831 ex
485 1750 554 1860 ista
573 1750 679 1832 laude
698 1751 877 1845 centurio,
907 1749 1004 1829 nihil
1019 1750 1241 1860 prestares,
1260 1736 1472 1830 ns'hieffi'l

202 1862 341 1956 cohors,
354 1864 452 1943 nihil
465 1882 592 1943 turma
611 1863 796 1973 decerpit:
816 1862 904 1973 quin
923 1862 1034 1942 etrum
1052 1862 1119 1943 illa
1137 1859 1217 1970 ipfis
1230 1878 1469 1943 rerums‘t

199 1976 445 2057 humanarum
460 1974 774 2082 domr'nafortunu
790 1974 828 2056 in
840 1972 1209 2084 ssiusfi’societatcm
1220 1974 1469 2082 μανίας

200 2116 271 2168 non
285 2088 426 2197 offert:
456 2087 530 2169 tibi
544 2087 654 2181 cedit,
674 2106 778 2168 tuom
797 2086 861 2197 ff
879 2104 994 2167 totam
1011 2115 1059 2167 ac
1070 2085 1266 2196 proprium
1280 2086 1467 2196 foa-‘-

201 2217 320 2281 tetur.
379 2202 474 2280 Hoc
504 2199 737 2309 exemplum
765 2200 942 2279 continet
965 2199 1123 2308 plenam
1149 2224 1465 2309 compara-‘-

200 2312 351 2394 tionem
371 2311 393 2392 ὲ
412 2313 565 2392 minore
579 2315 627 2393 ad
643 2311 782 2418 majus,
800 2311 847 2391 ad
863 2310 1179 2420 amplificandam
1194 2310 1353 2392 Caesaris
1393 2316 1460 2371 ὕ

201 2424 601 2505 laudemclementiae.
634 2425 680 2504 ln
695 2444 809 2534 proto
822 2424 1053 2532 exemplum
1068 2423 1124 2503 est
1134 2422 1353 2518 causarum,
1427 2460 1454 2483 α

200 2563 286 2644 quae
304 2565 398 2617 cum
415 2537 500 2616 aliis
519 2537 708 2616 efficiunt.
768 2535 969 2616 Effectum
989 2536 1046 2616 est
1059 2536 1246 2630 victorin
1267 2536 1354 2615 effi-

199 2649 306 2729 ciens
330 2650 558 2758 imperator,
588 2676 663 2728 non
691 2647 854 2756 quidem
886 2647 1001 2741 solus,
1034 2647 1097 2728 sed
1125 2674 1221 2727 cum
1251 2647 1353 2743 aliis,

199 2787 369 2868 quarum
389 2761 464 2840 alia
484 2759 710 2872 principalis
730 2760 799 2854 est,
820 2778 859 2839 et
878 2759 1106 2869 imperatori
1124 2758 1233 2868 quati
1254 2759 1355 2841 socia

119 2882 129 2903 ‘
196 2872 378 2954 fortuna:
401 2874 484 2953 aliae
496 2872 719 2979 adjuvantes
733 2891 773 2951 et
787 2873 984 2969 ministrae,
1000 2870 1218 2977 cujusmodi
1234 2873 1353 2980 quin-

198 3014 277 3093 que
297 2987 557 3080 recensentur,
578 2984 754 3065 militum
773 2982 979 3079 fortitudo,
1004 2984 1184 3064 locorum
1204 3012 1353 3095 oppor-

199 3100 357 3193 tunitaS,
388 3098 582 3179 sociorum
612 3097 773 3203 auxilia,
806 3096 952 3190 claffes,
984 3115 1245 3178 commeatus.
1307 3098 1353 3177 ln

195 3210 353 3321 apodosr
366 3210 596 3319 exemplum
611 3208 802 3289 habemus
818 3208 993 3289 solitariae
1007 3208 1144 3290 causae:
1162 3208 1353 3291 effectum

197 3323 253 3403 est
272 3322 482 3403 clementia
498 3324 537 3401 in
556 3321 813 3415 Marcellum,
832 3321 1011 3432 praestita,
1035 3322 1160 3428 Cujus
1178 3321 1292 3402 causa
1313 3341 1352 3401 et

196 3433 360 3542 quidem
381 3434 459 3514 sola
481 3434 537 3514 est
556 3435 637 3545 ipse
659 3432 809 3540 Casum·
834 3430 956 3542 eique
980 3433 1194 3514 illustratur
1219 3462 1353 3515 remo-

197 3546 304 3627 tione
331 3545 535 3627 causarum
560 3547 842 3652 adjuvantium.
902 3547 1052 3656 Scopus
1073 3545 1264 3627 Ciceronis
1281 3547 1352 3641 est,

194 3676 241 3738 ut
259 3658 435 3740 ostendat
455 3657 637 3766 Caesterem
657 3658 745 3768 plus
766 3657 890 3738 laudis
910 3658 961 3738 ob
981 3658 1238 3739 clementiam
1265 3687 1353 3739 me-

195 3772 286 3865 reri,
307 3769 429 3879 quim
449 3789 610 3881 propter
628 3799 688 3851 res
707 3771 853 3878 gestas:
876 3771 995 3879 idque
1010 3770 1180 3851 ostendit
1198 3800 1252 3852 ex
1266 3772 1353 3853 col-

195 3882 282 3962 latis
300 3883 401 3962 inter
421 3883 457 3963 se
477 3882 673 3962 efficiendi
698 3882 841 3976 modis,
868 3883 976 3989 quod
1001 3883 1193 3963 nimirum
1217 3910 1352 3964 rerum

195 3992 393 4103 gestarum
425 3991 556 4099 Caefhr
577 4022 656 4074 non
681 3993 782 4075 solus
805 3997 939 4075 audior
964 3994 1098 4089 fuerit,
1127 3995 1352 4077 clementiae

193 4104 286 4186 vero
307 4106 479 4215 praestitae
498 4105 611 4185 solus.
671 4106 764 4211 Jam
787 4105 881 4187 verb
906 4107 1078 4188 efficiens
1103 4107 1194 4217 plus
1222 4106 1352 4189 laudis

193 4220 256 4301 vel
273 4217 569 4329 vituperationis
590 4237 777 4312 meretur,
798 4247 884 4326 quae
903 4218 981 4300 sola
1000 4218 1097 4329 quid
1117 4217 1237 4314 facit3
1264 4248 1353 4330 quae

190 4331 284 4413 verb
303 4360 397 4414 curn
426 4330 526 4423 aliis,
553 4331 696 4410 minus.
760 4331 823 4412 Sic
844 4332 966 4439 igitur
984 4329 1067 4412 haec
1095 4334 1195 4414 ratio
1221 4332 1354 4441 potest
