2956 4980
382 160 385 167 ⁴
472 227 687 364 Epistolae
715 225 996 328 Familiares.
1227 246 1301 353 381

156 411 230 510 per
248 400 365 483 hosce
384 403 536 512 aliquot
555 404 637 483 dies
653 402 818 497 dederit,
831 402 1039 510 vestraeque
1053 405 1265 486 Nationis
1253 426 1307 486 rta

158 533 375 642 amantem,
396 535 537 597 utnon
557 516 691 609 ullius,
717 515 871 623 opinor,
901 515 1041 623 magis.
1101 519 1195 627 Qo
1221 545 1308 598 ma·

158 626 221 733 gis
248 631 393 708 merito
422 647 533 737 potes
567 626 802 721 meminisse,
827 628 924 754 quid
954 653 1030 733 ego
1057 647 1164 708 tanto
1187 658 1307 739 opere

158 737 246 818 abs
240 757 287 820 te
305 740 542 820 contendere
558 739 726 834 soleam;
758 740 816 818 uti
837 738 922 844 jam
942 737 1148 834 inchoatis,
1168 741 1309 849 majori

159 851 282 930 etiam
301 880 353 932 ex
372 872 481 961 parte
505 851 703 945 absolutis,
725 851 856 945 velles,
876 851 1022 959 quanta
1048 855 1224 933 maxima
1248 852 1308 934 fa-

158 961 308 1044 cilitate
323 992 382 1044 res
394 964 475 1073 ipsa
488 964 660 1058 tulerit,
649 992 690 1043 1n
704 962 873 1042 nostram
885 981 1111 1042 exterorum
1124 967 1307 1072 gratiam,

158 1074 208 1173 de
225 1079 328 1155 resia
345 1077 488 1184 linguae
500 1076 816 1202 pronuntiatione
830 1072 959 1155 adhuc
972 1076 1178 1183 paululum
1192 1079 1307 1186 quid·

158 1165 252 1266 dam
283 1188 463 1294 adjicere
524 1189 683 1268 Caeteris
716 1188 824 1265 enim
855 1185 1041 1267 sermonis
1069 1189 1184 1270 vestri
1213 1218 1308 1271 con·

160 1297 307 1380 sultis
296 1329 336 1380 rn
363 1298 465 1380 hanc
493 1298 614 1407 usque
634 1300 740 1378 diem
770 1300 811 1377 id
842 1299 964 1377 animi
996 1299 1151 1380 videtur
1181 1301 1307 1396 fuisse,

161 1408 238 1490 suis
257 1432 410 1492 tanturn
436 1432 480 1492 ut
507 1409 781 1503 satisfacerent,
809 1410 857 1489 de
883 1408 995 1490 nobis
1022 1410 1123 1490 nihil
1150 1412 1306 1497 soliciti.

163 1527 404 1632 Qanquam
427 1526 493 1605 ille
519 1552 609 1604 meo
633 1522 798 1631 quidem
819 1521 987 1627 judicio,
1013 1542 1053 1602 et
1081 1522 1194 1605 samae
1218 1526 1308 1620 suae,

159 1655 200 1713 et
220 1636 353 1717 Italici
368 1636 554 1717 sermonis
571 1637 719 1743 gloriae,
739 1631 844 1713 haud
864 1634 983 1742 paulo
1005 1636 1147 1716 certius
1167 1638 1308 1718 consu·

158 1745 330 1842 luissent,
357 1749 604 1858 fipraecepta
633 1750 687 1827 ita
718 1745 970 1839 tradidissent,
994 1775 1038 1827 ac
1070 1748 1308 1830 nomnium

158 1860 389 1941 mortalium
416 1859 635 1942 referret
602 1886 684 1965 eJus
711 1857 854 1964 linguae
878 1856 1078 1938 scientiam
1098 1881 1306 1971 appetere:

158 1997 298 2051 verum
317 2000 388 2081 per
411 1973 499 2053 illos
526 1999 604 2050 non
628 1972 733 2050 stetit
758 1998 838 2077 quo
864 1970 996 2050 minus
1026 1973 1137 2052 nobis
1157 1975 1309 2055 videre·

159 2083 262 2162 mini
281 2112 349 2164 vos
377 2086 485 2179 Itali,
507 2085 607 2162 intra
634 2082 789 2210 Alpium
815 2083 1006 2162 duntaxat
1032 2087 1224 2193 pomoeria
1249 2086 1307 2166 sa-

159 2221 253 2302 pere
277 2196 451 2277 voluisse.
511 2197 610 2274 Haec
645 2197 766 2303 igitur
799 2194 882 2274 laus
917 2193 1113 2302 praelibata
1144 2199 1308 2292 nemini,

161 2323 242 2386 tota
262 2308 337 2388 erit
362 2327 441 2403 tua,
463 2306 536 2387 tibi
562 2309 748 2386 intaetam
768 2325 808 2385 et
831 2308 1025 2411 integram
1046 2304 1249 2416 hucusque
1269 2309 1307 2388 se

160 2417 307 2512 servat;
339 2448 410 2500 nec
430 2421 496 2499 illa
516 2421 662 2513 minus,
683 2419 710 2497 fi
738 2421 779 2496 in
807 2435 910 2496 tanta
930 2419 1172 2527 Scriptorum
1194 2419 1308 2500 turba

160 2532 465 2612 commonstrare
478 2530 683 2641 separatim
699 2558 776 2609 non
791 2529 1109 2641 gravabere,!quis
1122 2532 1207 2640 post
1221 2533 1309 2612 illos

162 2641 385 2724 decantatos
407 2644 632 2724 Florentinae
649 2644 792 2749 linguae
812 2644 987 2721 audlores
1006 2647 1152 2751 poterit
1171 2643 1308 2724 secun-

160 2752 230 2833 das
242 2752 375 2837 haud
365 2757 505 2862 injuria
486 2754 587 2834 s1bi
604 2754 787 2834 afferere:
809 2755 897 2861 quis
909 2754 1122 2862 Tragoedia
1136 2756 1308 2864 insignis,

161 2867 251 2972 quis
276 2867 317 2945 in
339 2868 547 2947 Comoedia
577 2864 736 2946 festivus
767 2887 807 2944 et
838 2866 1013 2974 lepidus;
1045 2869 1133 2974 quis
1159 2866 1309 2976 scriptis

163 2977 350 3086 Epistolis
377 2999 444 3059 aut
472 2979 668 3107 Dialogis,
696 2998 854 3085 argutus
881 3000 947 3057 aut
967 2978 1121 3105 ‘gravis3
1152 2980 1241 3085 quis
1269 2980 1310 3057 in
1376 3022 1379 3027 ·

162 3089 339 3170 Historia
357 3090 522 3171 nobilis·
555 3093 608 3169 ita
636 3108 675 3169 et
701 3087 866 3168 studioso
893 3091 1089 3197 potiorem
1109 3109 1308 3221 quemque

160 3199 308 3308 eligere
322 3204 468 3283 volenti
488 3230 566 3281 non
579 3221 653 3281 errt
664 3202 837 3293 difficile
859 3219 898 3279 et
912 3219 986 3278 er1t
989 3222 1166 3307 quoties
1178 3229 1311 3309 vagari

161 3310 276 3394 latius
295 3313 448 3409 libebit,
463 3314 531 3394 ubi
547 3315 691 3425 pedem
709 3312 901 3420 intrepide
922 3312 1037 3420 poffit
1052 3313 1283 3419 figeres
1216 3315 1310 3424 Qd

162 3424 368 3531 quidem
357 3455 399 3506 rn
429 3455 484 3520 re,
512 3429 614 3506 inter
620 3427 830 3553 Antiquos
852 3424 1060 3504 Ciceronem
1089 3443 1129 3504 et
1150 3425 1309 3507 Fabium

161 3531 339 3631 habebis,
359 3567 458 3646 quos
483 3539 673 3631 imiteris;
705 3537 920 3616 vestrorum
945 3554 1078 3615 autern
1097 3533 1309 3619 hominum

162 3645 268 3727 haud
288 3647 365 3728 scio
385 3678 433 3730 an
453 3650 596 3730 ullum
655 3651 789 3758 Atque
811 3646 891 3727 haec
911 3675 987 3756 ego
1007 3649 1157 3728 tametsr
1177 3651 1312 3731 videor

162 3757 264 3840 mihi
291 3760 358 3841 abs
383 3762 530 3869 te(nis1
560 3789 625 3840 me
646 3762 799 3841 animus
825 3758 981 3866 fallit)
964 3787 1049 3864 Jam
1078 3762 1208 3867 primo
1229 3763 1310 3841 im-

163 3871 339 3978 petraffe,
360 3875 513 3980 quoties
532 3877 572 3953 in
602 3872 709 3952 istius
736 3873 791 3951 rei
818 3872 1063 3950 mentionem
1082 3870 1309 3966 incidimus,

164 4011 252 4090 quae
279 4002 345 4063 tua
371 3989 534 4065 comitas
559 3985 627 4079 est,
654 4003 693 4064 et
716 3983 969 4090 benignum
959 3981 1187 4089 rngenium3
1218 3985 1312 4064 nolo

163 4114 295 4175 tamen
316 4096 355 4175 id
377 4096 450 4176 tibi
469 4097 597 4177 sraudi
617 4096 675 4189 s1t,
696 4123 776 4204 quo
802 4096 932 4173 minus
960 4093 1165 4200 exquisrte,
1186 4115 1232 4175 ut
1258 4096 1311 4176 ita

163 4208 294 4287 dicam
319 4227 435 4316 atque
457 4208 650 4288 elaborate
674 4207 916 4287 exorandum
949 4225 986 4285 te
1011 4204 1111 4284 mihi
1138 4204 1212 4285 elle
1235 4235 1311 4316 pu-

164 4338 259 4399 tem.
320 4321 431 4400 Nam
451 4321 558 4427 quod
584 4342 647 4399 tua
669 4320 803 4411 virtus,
827 4317 990 4424 tuusque
1014 4317 1171 4410 candor,
1193 4319 1311 4398 mini-

164 4459 277 4510 mum
294 4430 408 4512 rebus
422 4434 498 4512 tuis
513 4435 699 4540 pretium,
714 4433 1001 4536 minimamque
1016 4428 1312 4511 aestimationem
