2956 4980
160 215 241 319 184
519 203 645 296 Petri
669 203 812 297 Rami
836 203 961 298 Vita.

158 378 407 485 aliorbmque
426 375 737 455 doctiffimorum
755 373 967 455 hominum
990 375 1118 454 amica
1136 373 1313 482 gratula-

159 490 267 569 tione
284 486 463 568 disceffit.
500 483 651 592 Tiguri,
668 487 858 567 Henrreus
874 487 1116 593 Buslrirgerus
1134 486 1313 565 fimulat·

159 627 238 709 que
258 601 300 679 in
314 599 455 678 urbem
470 598 657 706 ingressus
675 598 732 678 est
750 600 908 692 herus,
927 599 1141 706 gratulator
1155 599 1314 706 primus

160 710 290 805 affuit,
305 711 551 818 coensrmque
568 711 606 790 ei
621 711 836 818 apparavit,
848 709 1112 793 enrditiffirnis
1126 711 1316 789 conviva·

162 849 268 916 rum,
287 822 407 930 Jofiae
426 820 588 915 Sialeri,
608 821 792 930 Redolphi
809 821 997 915 Gualteri,
1023 819 1207 901 ladonam
1224 822 1315 900 La·

162 934 310 1014 valteri
324 931 566 1013 sermonibus
585 931 703 1042 longe
715 932 984 1040 gratiffimam.
1015 931 1207 1012 Postridie
1216 927 1317 1010 ciam

164 1046 213 1125 ab
232 1045 375 1124 eodem
386 1044 604 1150 Bullingero
618 1047 661 1122 in
680 1045 811 1123 aulam
823 1043 1024 1153 publicam
1038 1043 1316 1136 deduceretur,

165 1157 329 1236 miratus
339 1155 438 1264 quid
450 1155 521 1234 fibi
535 1154 654 1235 vellet
666 1156 709 1234 in
718 1183 815 1235 eum
830 1156 966 1236 locum
981 1153 1317 1264 frequentissimus

165 1267 316 1346 civium
335 1265 522 1374 cujusque
545 1266 693 1348 ordinis
715 1286 945 1361 conventus,
973 1265 1146 1374 quaefivit
1170 1293 1223 1344 ex
1251 1293 1316 1358 eo,

165 1406 298 1487 ecquae
317 1378 400 1458 illic
418 1380 554 1472 etiam,
574 1396 620 1458 ut
637 1379 879 1485 Argentinae,
902 1377 1052 1459 nobiles
1077 1377 1226 1486 nuptiae
1247 1405 1316 1456 ce·

165 1491 422 1570 lebrarentur.
482 1490 563 1568 Cui
585 1490 841 1596 Bullingerus,
871 1488 983 1584 Tibi,
1012 1490 1156 1596 inquit,
1185 1488 1318 1569 nostra

165 1603 302 1683 civitas
316 1602 472 1711 nuptias
487 1600 576 1681 istas
590 1600 774 1681 celebrat.
821 1601 1006 1682 Praebuit
1017 1600 1057 1679 ei
1068 1598 1318 1706 Hmiselberga

166 1716 343 1794 amicum
360 1713 545 1818 Urstnum,
565 1714 819 1806 Olevitanum,
831 1711 1028 1822 hospitem
1041 1713 1163 1791 etiam
1175 1714 1316 1792 Imma·

167 1826 305 1905 nuelem
312 1821 559 1918 Tremellium,
574 1823 769 1905 fautorem
782 1825 969 1932 denique,
976 1822 1317 1933 ipsumElebiorem

168 1937 402 2033 Palatinum,
431 1937 502 2044 qui
520 1935 784 2017 discedentem
804 1939 979 2030 Remum,
1007 1962 1123 2015 aurea
1141 1935 1318 2042 imagine

113 2125 117 2131 ,
167 2046 234 2127 sua
244 2049 419 2128 donavit.
466 2047 563 2126 Inde
579 2048 875 2155 Francffurtum
888 2074 1069 2156 pergens,
1082 2043 1105 2125 i
1117 2047 1315 2154 primariis

166 2158 318 2266 aliquot
336 2159 487 2239 civibus
502 2156 719 2238 honorifice
735 2159 792 2239 est
810 2178 1016 2268 acceptus:
1037 2157 1179 2238 deinde
1194 2157 1315 2237 Nori·

166 2269 318 2379 bergam
354 2270 401 2351 ad
437 2270 761 2380 praestantissimos
794 2269 954 2380 opifices
989 2288 1030 2350 et
1066 2267 1316 2349 mechanicos

166 2381 337 2491 alidsque
357 2384 459 2462 viros
485 2385 619 2463 doctos
638 2401 678 2461 et
696 2381 908 2490 praesertim
926 2380 1163 2490 Joaelu'mum
1184 2383 1315 2461 Came·

168 2495 315 2574 rarium
333 2493 546 2603 professus,
567 2494 647 2575 est:
678 2491 744 2573 hic
762 2493 1126 2599 jurisconsultorum
1145 2491 1315 2600 collegio

169 2605 399 2685 mandatum
419 2602 441 2684 ai
460 2603 593 2684 senatu
607 2605 676 2698 est,
697 2623 742 2684 ut
761 2607 813 2685 P.
832 2607 949 2685 Remo
968 2604 1197 2684 convivium
1216 2604 1317 2713 pub

167 2714 365 2795 licourbis
379 2716 540 2794 nomine
554 2717 799 2796 instruerent.
831 2716 928 2795 Inde
938 2715 1148 2823 Augustam
1162 2716 1317 2823 perexit

169 2825 238 2905 ubi
250 2827 357 2906 urbis
371 2825 505 2906 consul
520 2828 729 2935 primarius
745 2855 839 2906 eum
852 2825 1111 2906 liberaliflimb
1123 2828 1316 2917 trastavit,

168 2936 355 3017 adhibitis
377 2938 418 3015 in
442 2940 671 3018 convivium
695 2939 857 3018 eruditis
876 2939 989 3020 variae
1015 2938 1199 3017 doctrinae
1220 2963 1318 3016 con-

169 3049 282 3144 vivis,
303 3049 367 3129 sed
387 3050 584 3158 imprimis
599 3049 811 3130 Hieronimo
827 3049 968 3156 Wolfio,
989 3067 1030 3129 et
1046 3047 1198 3128 Tichene
1213 3051 1320 3129 Bra-

169 3162 377 3255 cdee,aeum
391 3188 472 3268 quo
487 3162 574 3271 post
587 3161 798 3270 prandium
813 3161 853 3239 in
868 3159 1134 3240 suburbanum
1148 3159 1319 3240 consulis

169 3271 373 3366 deductus,
404 3273 529 3352 varios
559 3272 753 3353 sermones
784 3274 833 3351 de
863 3270 998 3352 studiis
1026 3268 1320 3352 mathematicis

168 3379 320 3462 habuit.
380 3383 559 3463 Rumore
578 3384 736 3465 tandem
758 3383 941 3463 restitutae
967 3384 1074 3493 pacis
1100 3403 1317 3473 revocatus,

100 3564 102 3569 .
170 3493 409 3599 Lausannam
440 3495 669 3576 contendit:
700 3494 766 3576 htc
796 3492 819 3574 h
848 3495 941 3576 viris
964 3495 1089 3577 doctis
1120 3513 1318 3584 exoratus,

171 3605 364 3712 Logicam
383 3602 543 3712 ἀκρόασιν
567 3607 650 3686 dies
669 3607 820 3714 aliquot
839 3607 1017 3686 maximo
1035 3604 1226 3685 concursu
1246 3633 1317 3684 ex-

168 3712 313 3797 hibuit.
377 3718 528 3796 Geneva
546 3746 641 3797 cum
660 3717 887 3798 doctissimis
909 3715 1137 3798 hominibus
1160 3735 1250 3797 tum
1269 3716 1317 3795 de

169 3829 315 3908 caeteris
334 3828 558 3908 liberalibus
578 3828 727 3923 studiis,
752 3848 839 3909 tum
857 3829 906 3907 de
927 3830 1086 3936 Logicis
1104 3827 1318 3908 collocutio

170 3938 230 4017 illi
256 3939 399 4019 affidua
422 3938 513 4032 suit,
540 3939 715 4023 maxime
738 3969 832 4021 cum
858 3941 1055 4047 Francffce
1081 3941 1130 4019 de
1151 3938 1320 4043 Cretenfi

169 4068 210 4129 et
228 4048 386 4130 Andrea
406 4051 590 4146 Melvino,
611 4054 730 4132 Scoto.
790 4053 898 4131 Cum
923 4053 1008 4132 aliis
1027 4051 1164 4133 multis
1184 4052 1318 4131 erudi-

170 4161 322 4269 tiffimis
336 4163 444 4255 viris,
460 4163 499 4240 in
516 4163 634 4245 Italia
650 4163 904 4244 Commendino
916 4183 955 4244 et
968 4163 1101 4272 Papio,
1118 4163 1158 4240 in
1172 4162 1320 4269 Anglia

172 4274 249 4353 Dio
277 4293 317 4353 et
341 4274 512 4366 Acontio,
537 4275 576 4352 in
608 4275 810 4354 Germania
838 4277 1011 4384 Clytum
1041 4272 1203 4383 aliisque
1233 4301 1320 4381 per-

171 4386 305 4468 multis
326 4386 540 4466 amicitiam
562 4415 632 4494 per
649 4387 778 4465 literas
798 4385 958 4491 jaxante
979 4385 1164 4466 coluerat.
1228 4386 1318 4465 No-
