<?xml version="1.0" encoding="UTF-8"?>
<!DOCTYPE html PUBLIC "-//W3C//DTD XHTML 1.0 Transitional//EN"
    "http://www.w3.org/TR/xhtml1/DTD/xhtml1-transitional.dtd">
<html xmlns="http://www.w3.org/1999/xhtml" xml:lang="en" lang="en">
 <head>
  <title>
</title>
<meta http-equiv="Content-Type" content="text/html;charset=utf-8" />
  <meta name='ocr-system' content='tesseract 3.04.00' />
  <meta name='ocr-capabilities' content='ocr_page ocr_carea ocr_par ocr_line ocrx_word'/>
</head>
<body>
  <div class='ocr_page' id='page_1' title='image "./worksjohnmilton06miltgoog_0475.png"; bbox 0 0 2956 4980; ppageno 0'>
   <div class='ocr_carea' id='block_1_1' title="bbox 182 199 1041 325">
    <p class='ocr_par' dir='ltr' id='par_1_1' title="bbox 182 199 1041 325">
     <span class='ocr_line' id='line_1_1' title="bbox 182 199 1041 325; baseline -0.008 -22"><span class='ocrx_word' id='word_1_1' title='bbox 182 223 266 325; x_wconf 87' lang='lat'>460</span> <span class='ocrx_word' id='word_1_2' title='bbox 480 199 772 302; x_wconf 88' lang='lat' dir='ltr'>Prolufiones</span> <span class='ocrx_word' id='word_1_3' title='bbox 798 202 1041 300; x_wconf 88' lang='lat' dir='ltr'>Oratoriae.</span> 
     </span>
    </p>
   </div>
   <div class='ocr_carea' id='block_1_2' title="bbox 180 369 1302 825">
    <p class='ocr_par' dir='ltr' id='par_1_2' title="bbox 180 369 1302 825">
     <span class='ocr_line' id='line_1_2' title="bbox 180 369 1298 489; baseline -0.012 -28"><span class='ocrx_word' id='word_1_4' title='bbox 180 384 280 461; x_wconf 92' lang='lat' dir='ltr'>mini</span> <span class='ocrx_word' id='word_1_5' title='bbox 293 381 392 489; x_wconf 82' lang='lat' dir='ltr'>julla</span> <span class='ocrx_word' id='word_1_6' title='bbox 413 400 453 462; x_wconf 91' lang='lat' dir='ltr'>et</span> <span class='ocrx_word' id='word_1_7' title='bbox 472 380 722 489; x_wconf 89' lang='lat' dir='ltr'>complacita,</span> <span class='ocrx_word' id='word_1_8' title='bbox 743 395 783 458; x_wconf 90' lang='lat' dir='ltr'>et</span> <span class='ocrx_word' id='word_1_9' title='bbox 802 378 883 484; x_wconf 84' lang='lat' dir='ltr'>ejus</span> <span class='ocrx_word' id='word_1_10' title='bbox 908 403 1002 456; x_wconf 91' lang='lat' dir='ltr'>cum</span> <span class='ocrx_word' id='word_1_11' title='bbox 1022 373 1139 454; x_wconf 88' lang='lat' dir='ltr'>laude</span> <span class='ocrx_word' id='word_1_12' title='bbox 1158 369 1298 452; x_wconf 81' lang='lat' dir='ltr'>maxime</span> 
     </span>
     <span class='ocr_line' id='line_1_3' title="bbox 180 484 1298 600; baseline -0.012 -27"><span class='ocrx_word' id='word_1_13' title='bbox 180 494 402 600; x_wconf 59' lang='lat' dir='ltr'>conjuncta,</span> <span class='ocrx_word' id='word_1_14' title='bbox 422 512 527 573; x_wconf 88' lang='lat' dir='ltr'>certe</span> <span class='ocrx_word' id='word_1_15' title='bbox 548 520 626 572; x_wconf 92' lang='lat' dir='ltr'>non</span> <span class='ocrx_word' id='word_1_16' title='bbox 648 490 775 600; x_wconf 91' lang='lat' dir='ltr'>potest</span> <span class='ocrx_word' id='word_1_17' title='bbox 793 489 850 568; x_wconf 90' lang='lat' dir='ltr'>sui</span> <span class='ocrx_word' id='word_1_18' title='bbox 873 489 1043 569; x_wconf 89' lang='lat' dir='ltr'>cultores</span> <span class='ocrx_word' id='word_1_19' title='bbox 1071 513 1153 565; x_wconf 89' lang='lat' dir='ltr'>non</span> <span class='ocrx_word' id='word_1_20' title='bbox 1178 484 1298 565; x_wconf 83' lang='lat' dir='ltr'>efficere</span> 
     </span>
     <span class='ocr_line' id='line_1_4' title="bbox 180 595 1300 709; baseline -0.013 -25"><span class='ocrx_word' id='word_1_21' title='bbox 180 605 243 684; x_wconf 90' lang='lat' dir='ltr'>vel</span> <span class='ocrx_word' id='word_1_22' title='bbox 264 606 416 684; x_wconf 90' lang='lat' dir='ltr'>summe</span> <span class='ocrx_word' id='word_1_23' title='bbox 436 604 584 684; x_wconf 87' lang='lat' dir='ltr'>beatos.</span> <span class='ocrx_word' id='word_1_24' title='bbox 644 603 791 709; x_wconf 90' lang='lat' dir='ltr'>Neque</span> <span class='ocrx_word' id='word_1_25' title='bbox 818 601 926 680; x_wconf 91' lang='lat' dir='ltr'>enim</span> <span class='ocrx_word' id='word_1_26' title='bbox 953 599 1103 679; x_wconf 88' lang='lat' dir='ltr'>nescius</span> <span class='ocrx_word' id='word_1_27' title='bbox 1123 598 1221 690; x_wconf 92' lang='lat' dir='ltr'>sum,</span> <span class='ocrx_word' id='word_1_28' title='bbox 1238 595 1300 672; x_wconf 85' lang='lat' dir='ltr'>Au·</span> 
     </span>
     <span class='ocr_line' id='line_1_5' title="bbox 180 702 1302 825; baseline -0.011 -29"><span class='ocrx_word' id='word_1_29' title='bbox 180 716 340 812; x_wconf 89' lang='lat' dir='ltr'>ditores,</span> <span class='ocrx_word' id='word_1_30' title='bbox 361 714 740 825; x_wconf 88' lang='lat' dir='ltr'>contemplationem</span> <span class='ocrx_word' id='word_1_31' title='bbox 765 711 867 792; x_wconf 90' lang='lat' dir='ltr'>hanc</span> <span class='ocrx_word' id='word_1_32' title='bbox 893 712 971 820; x_wconf 71' lang='lat' dir='ltr'>qud</span> <span class='ocrx_word' id='word_1_33' title='bbox 999 711 1198 791; x_wconf 88' lang='lat' dir='ltr'>tendimus</span> <span class='ocrx_word' id='word_1_34' title='bbox 1220 702 1302 785; x_wconf 85' lang='lat' dir='ltr'>ad&#39;d</span> 
     </span>
    </p>
   </div>
   <div class='ocr_carea' id='block_1_3' title="bbox 135 815 1366 3392">
    <p class='ocr_par' dir='ltr' id='par_1_3' title="bbox 135 815 1366 3392">
     <span class='ocr_line' id='line_1_6' title="bbox 180 815 1304 937; baseline -0.012 -29"><span class='ocrx_word' id='word_1_35' title='bbox 180 828 288 935; x_wconf 92' lang='lat' dir='ltr'>quod</span> <span class='ocrx_word' id='word_1_36' title='bbox 307 827 459 908; x_wconf 91' lang='lat' dir='ltr'>summe</span> <span class='ocrx_word' id='word_1_37' title='bbox 485 825 753 937; x_wconf 87' lang='lat' dir='ltr'>expetendum</span> <span class='ocrx_word' id='word_1_38' title='bbox 779 823 848 918; x_wconf 90' lang='lat' dir='ltr'>est,</span> <span class='ocrx_word' id='word_1_39' title='bbox 869 823 1025 903; x_wconf 92' lang='lat' dir='ltr'>nullum</span> <span class='ocrx_word' id='word_1_40' title='bbox 1051 819 1197 901; x_wconf 87' lang='lat' dir='ltr'>habere</span> <span class='ocrx_word' id='word_1_41' title='bbox 1223 815 1304 927; x_wconf 86' lang='lat' dir='ltr'>polle</span> 
     </span>
     <span class='ocr_line' id='line_1_7' title="bbox 179 933 1307 1045; baseline -0.01 -28"><span class='ocrx_word' id='word_1_42' title='bbox 179 967 279 1018; x_wconf 89' lang='lat' dir='ltr'>verae</span> <span class='ocrx_word' id='word_1_43' title='bbox 309 939 559 1019; x_wconf 83' lang='lat' dir='ltr'>beatitudinis</span> <span class='ocrx_word' id='word_1_44' title='bbox 593 938 754 1045; x_wconf 89' lang='lat' dir='ltr'>gustum</span> <span class='ocrx_word' id='word_1_45' title='bbox 789 937 867 1015; x_wconf 87' lang='lat' dir='ltr'>fine</span> <span class='ocrx_word' id='word_1_46' title='bbox 900 934 1127 1043; x_wconf 86' lang='lat' dir='ltr'>integritate</span> <span class='ocrx_word' id='word_1_47' title='bbox 1157 933 1256 1023; x_wconf 80' lang='lat' dir='ltr'>vitae,</span> <span class='ocrx_word' id='word_1_48' title='bbox 1279 944 1307 1007; x_wconf 88' lang='lat' dir='ltr'>et</span> 
     </span>
     <span class='ocr_line' id='line_1_8' title="bbox 179 1045 1309 1153; baseline -0.009 -24"><span class='ocrx_word' id='word_1_49' title='bbox 179 1078 338 1129; x_wconf 91' lang='lat' dir='ltr'>morum</span> <span class='ocrx_word' id='word_1_50' title='bbox 358 1050 606 1143; x_wconf 90' lang='lat' dir='ltr'>innocentia;</span> <span class='ocrx_word' id='word_1_51' title='bbox 629 1050 774 1129; x_wconf 89' lang='lat' dir='ltr'>multos</span> <span class='ocrx_word' id='word_1_52' title='bbox 791 1065 923 1128; x_wconf 89' lang='lat' dir='ltr'>autem</span> <span class='ocrx_word' id='word_1_53' title='bbox 936 1049 998 1126; x_wconf 90' lang='lat' dir='ltr'>vel</span> <span class='ocrx_word' id='word_1_54' title='bbox 1018 1045 1222 1153; x_wconf 84' lang='lat' dir='ltr'>infigniter</span> <span class='ocrx_word' id='word_1_55' title='bbox 1239 1068 1309 1120; x_wconf 88' lang='lat' dir='ltr'>em·</span> 
     </span>
     <span class='ocr_line' id='line_1_9' title="bbox 178 1154 1366 1268; baseline -0.008 -29"><span class='ocrx_word' id='word_1_56' title='bbox 178 1161 280 1242; x_wconf 92' lang='lat' dir='ltr'>ditos</span> <span class='ocrx_word' id='word_1_57' title='bbox 307 1158 488 1241; x_wconf 87' lang='lat' dir='ltr'>homines</span> <span class='ocrx_word' id='word_1_58' title='bbox 516 1160 684 1241; x_wconf 89' lang='lat' dir='ltr'>nefarios</span> <span class='ocrx_word' id='word_1_59' title='bbox 711 1160 892 1253; x_wconf 80' lang='lat' dir='ltr'>extitiffe,</span> <span class='ocrx_word' id='word_1_60' title='bbox 914 1176 1096 1268; x_wconf 78' lang='lat' dir='ltr'>praterea</span> <span class='ocrx_word' id='word_1_61' title='bbox 1122 1159 1203 1250; x_wconf 86' lang='lat' dir='ltr'>irae,</span> <span class='ocrx_word' id='word_1_62' title='bbox 1222 1154 1313 1244; x_wconf 90' lang='lat' dir='ltr'>odio,</span> <span class='ocrx_word' id='word_1_63' title='bbox 1364 1220 1366 1225; x_wconf 95' lang='lat'>.</span> 
     </span>
     <span class='ocr_line' id='line_1_10' title="bbox 177 1266 1317 1383; baseline -0.006 -32"><span class='ocrx_word' id='word_1_64' title='bbox 177 1289 219 1351; x_wconf 88' lang='lat' dir='ltr'>et</span> <span class='ocrx_word' id='word_1_65' title='bbox 237 1274 365 1381; x_wconf 88' lang='lat' dir='ltr'>pravis</span> <span class='ocrx_word' id='word_1_66' title='bbox 384 1272 666 1383; x_wconf 89' lang='lat' dir='ltr'>cupiditatibus</span> <span class='ocrx_word' id='word_1_67' title='bbox 693 1271 918 1351; x_wconf 88' lang='lat' dir='ltr'>obedientes</span> <span class='ocrx_word' id='word_1_68' title='bbox 931 1302 942 1365; x_wconf 91' lang='lat'>;</span> <span class='ocrx_word' id='word_1_69' title='bbox 974 1269 1123 1349; x_wconf 88' lang='lat' dir='ltr'>multos</span> <span class='ocrx_word' id='word_1_70' title='bbox 1146 1266 1170 1348; x_wconf 78' lang='grc' dir='ltr'>ὲ</span> <span class='ocrx_word' id='word_1_71' title='bbox 1196 1284 1317 1347; x_wconf 83' lang='lat' dir='ltr'>contra</span> 
     </span>
     <span class='ocr_line' id='line_1_11' title="bbox 177 1376 1318 1492; baseline -0.005 -30"><span class='ocrx_word' id='word_1_72' title='bbox 177 1384 379 1464; x_wconf 90' lang='lat' dir='ltr'>literarum</span> <span class='ocrx_word' id='word_1_73' title='bbox 397 1387 511 1466; x_wconf 88' lang='lat' dir='ltr'>rudes</span> <span class='ocrx_word' id='word_1_74' title='bbox 522 1385 624 1465; x_wconf 87' lang='lat' dir='ltr'>viros</span> <span class='ocrx_word' id='word_1_75' title='bbox 639 1383 780 1492; x_wconf 86' lang='lat' dir='ltr'>probos</span> <span class='ocrx_word' id='word_1_76' title='bbox 800 1402 916 1491; x_wconf 89' lang='lat' dir='ltr'>atque</span> <span class='ocrx_word' id='word_1_77' title='bbox 932 1383 1103 1492; x_wconf 91' lang='lat' dir='ltr'>optimos</span> <span class='ocrx_word' id='word_1_78' title='bbox 1124 1379 1163 1459; x_wconf 88' lang='lat' dir='ltr'>se</span> <span class='ocrx_word' id='word_1_79' title='bbox 1184 1376 1318 1488; x_wconf 78' lang='lat' dir='ltr'>praesti·</span> 
     </span>
     <span class='ocr_line' id='line_1_12' title="bbox 178 1490 1321 1605; baseline -0.008 -29"><span class='ocrx_word' id='word_1_80' title='bbox 178 1495 287 1591; x_wconf 80' lang='lat' dir='ltr'>tille3</span> <span class='ocrx_word' id='word_1_81' title='bbox 317 1497 415 1605; x_wconf 92' lang='lat' dir='ltr'>quid</span> <span class='ocrx_word' id='word_1_82' title='bbox 451 1498 573 1604; x_wconf 84' lang='lat' dir='ltr'>ergo?</span> <span class='ocrx_word' id='word_1_83' title='bbox 631 1495 747 1575; x_wconf 91' lang='lat' dir='ltr'>Num</span> <span class='ocrx_word' id='word_1_84' title='bbox 786 1495 935 1574; x_wconf 90' lang='lat' dir='ltr'>beatior</span> <span class='ocrx_word' id='word_1_85' title='bbox 962 1491 1221 1601; x_wconf 83' lang='lat' dir='ltr'>ignorantia?</span> <span class='ocrx_word' id='word_1_86' title='bbox 1251 1490 1321 1568; x_wconf 92' lang='lat' dir='ltr'>mi·</span> 
     </span>
     <span class='ocr_line' id='line_1_13' title="bbox 176 1601 1324 1714; baseline -0.003 -29"><span class='ocrx_word' id='word_1_87' title='bbox 176 1609 285 1686; x_wconf 89' lang='lat' dir='ltr'>nime</span> <span class='ocrx_word' id='word_1_88' title='bbox 304 1636 410 1687; x_wconf 77' lang='lat' dir='ltr'>vero,</span> <span class='ocrx_word' id='word_1_89' title='bbox 471 1611 534 1688; x_wconf 91' lang='lat' dir='ltr'>Sic</span> <span class='ocrx_word' id='word_1_90' title='bbox 562 1609 694 1714; x_wconf 88' lang='lat' dir='ltr'>itaque</span> <span class='ocrx_word' id='word_1_91' title='bbox 727 1607 796 1701; x_wconf 85' lang='lat' dir='ltr'>est,</span> <span class='ocrx_word' id='word_1_92' title='bbox 826 1607 1051 1698; x_wconf 87' lang='lat' dir='ltr'>Auditores,</span> <span class='ocrx_word' id='word_1_93' title='bbox 1072 1630 1221 1713; x_wconf 86' lang='lat' dir='ltr'>paucos</span> <span class='ocrx_word' id='word_1_94' title='bbox 1247 1601 1324 1681; x_wconf 90' lang='lat' dir='ltr'>for·</span> 
     </span>
     <span class='ocr_line' id='line_1_14' title="bbox 178 1711 1327 1830; baseline -0.003 -35"><span class='ocrx_word' id='word_1_95' title='bbox 178 1717 268 1797; x_wconf 79' lang='lat' dir='ltr'>talie</span> <span class='ocrx_word' id='word_1_96' title='bbox 296 1719 471 1799; x_wconf 68' lang='lat' dir='ltr'>doetrind</span> <span class='ocrx_word' id='word_1_97' title='bbox 494 1719 726 1830; x_wconf 86' lang='lat' dir='ltr'>praestabiles</span> <span class='ocrx_word' id='word_1_98' title='bbox 755 1718 829 1798; x_wconf 86' lang='lat' dir='ltr'>suae</span> <span class='ocrx_word' id='word_1_99' title='bbox 854 1717 1021 1797; x_wconf 84' lang='lat' dir='ltr'>civitatis</span> <span class='ocrx_word' id='word_1_100' title='bbox 1047 1711 1327 1825; x_wconf 84' lang='lat' dir='ltr'>corruptiffimi</span> 
     </span>
     <span class='ocr_line' id='line_1_15' title="bbox 175 1826 1327 1935; baseline -0.003 -27"><span class='ocrx_word' id='word_1_101' title='bbox 175 1856 304 1910; x_wconf 90' lang='lat' dir='ltr'>mores</span> <span class='ocrx_word' id='word_1_102' title='bbox 324 1850 364 1911; x_wconf 90' lang='lat' dir='ltr'>et</span> <span class='ocrx_word' id='word_1_103' title='bbox 382 1831 660 1912; x_wconf 87' lang='lat' dir='ltr'>illiteratorum</span> <span class='ocrx_word' id='word_1_104' title='bbox 679 1829 890 1910; x_wconf 93' lang='lat' dir='ltr'>hominum</span> <span class='ocrx_word' id='word_1_105' title='bbox 914 1829 1101 1911; x_wconf 89' lang='lat' dir='ltr'>colluvies</span> <span class='ocrx_word' id='word_1_106' title='bbox 1123 1829 1165 1906; x_wconf 93' lang='lat' dir='ltr'>in</span> <span class='ocrx_word' id='word_1_107' title='bbox 1186 1826 1327 1935; x_wconf 90' lang='lat' dir='ltr'>nequi·</span> 
     </span>
     <span class='ocr_line' id='line_1_16' title="bbox 175 1939 1327 2051; baseline -0.001 -34"><span class='ocrx_word' id='word_1_108' title='bbox 175 1939 272 2018; x_wconf 86' lang='lat' dir='ltr'>tiam</span> <span class='ocrx_word' id='word_1_109' title='bbox 292 1960 530 2049; x_wconf 86' lang='lat' dir='ltr'>pertraxere,</span> <span class='ocrx_word' id='word_1_110' title='bbox 551 1943 665 2021; x_wconf 94' lang='lat' dir='ltr'>unius</span> <span class='ocrx_word' id='word_1_111' title='bbox 685 1943 862 2051; x_wconf 58' lang='lat' dir='ltr'>perdocti</span> <span class='ocrx_word' id='word_1_112' title='bbox 881 1962 922 2023; x_wconf 90' lang='lat' dir='ltr'>et</span> <span class='ocrx_word' id='word_1_113' title='bbox 944 1939 1149 2050; x_wconf 88' lang='lat' dir='ltr'>prudentis</span> <span class='ocrx_word' id='word_1_114' title='bbox 1169 1941 1248 2019; x_wconf 91' lang='lat' dir='ltr'>viri</span> <span class='ocrx_word' id='word_1_115' title='bbox 1266 1940 1327 2016; x_wconf 92' lang='lat' dir='ltr'>in-</span> 
     </span>
     <span class='ocr_line' id='line_1_17' title="bbox 173 2050 1325 2161; baseline 0.001 -34"><span class='ocrx_word' id='word_1_116' title='bbox 173 2050 320 2131; x_wconf 64' lang='lat' dir='ltr'>dustrii</span> <span class='ocrx_word' id='word_1_117' title='bbox 350 2053 495 2133; x_wconf 93' lang='lat' dir='ltr'>multos</span> <span class='ocrx_word' id='word_1_118' title='bbox 521 2054 704 2133; x_wconf 86' lang='lat' dir='ltr'>mortales</span> <span class='ocrx_word' id='word_1_119' title='bbox 731 2053 779 2131; x_wconf 93' lang='lat' dir='ltr'>ab</span> <span class='ocrx_word' id='word_1_120' title='bbox 807 2072 888 2133; x_wconf 90' lang='lat' dir='ltr'>arte</span> <span class='ocrx_word' id='word_1_121' title='bbox 908 2051 1110 2161; x_wconf 90' lang='lat' dir='ltr'>impolitos</span> <span class='ocrx_word' id='word_1_122' title='bbox 1130 2051 1174 2130; x_wconf 93' lang='lat' dir='ltr'>in</span> <span class='ocrx_word' id='word_1_123' title='bbox 1193 2051 1325 2131; x_wconf 92' lang='lat' dir='ltr'>officio</span> 
     </span>
     <span class='ocr_line' id='line_1_18' title="bbox 172 2161 1326 2259; baseline 0 -19"><span class='ocrx_word' id='word_1_124' title='bbox 172 2163 394 2244; x_wconf 86' lang='lat' dir='ltr'>continuit:</span> <span class='ocrx_word' id='word_1_125' title='bbox 425 2164 615 2245; x_wconf 91' lang='lat' dir='ltr'>nimirum</span> <span class='ocrx_word' id='word_1_126' title='bbox 636 2193 713 2245; x_wconf 92' lang='lat' dir='ltr'>una</span> <span class='ocrx_word' id='word_1_127' title='bbox 732 2165 888 2259; x_wconf 90' lang='lat' dir='ltr'>domus,</span> <span class='ocrx_word' id='word_1_128' title='bbox 908 2168 967 2245; x_wconf 92' lang='lat' dir='ltr'>vir</span> <span class='ocrx_word' id='word_1_129' title='bbox 987 2191 1087 2243; x_wconf 90' lang='lat' dir='ltr'>unus</span> <span class='ocrx_word' id='word_1_130' title='bbox 1105 2181 1189 2242; x_wconf 86' lang='lat' dir='ltr'>arte</span> <span class='ocrx_word' id='word_1_131' title='bbox 1208 2180 1251 2243; x_wconf 91' lang='lat' dir='ltr'>et</span> <span class='ocrx_word' id='word_1_132' title='bbox 1270 2161 1326 2240; x_wconf 85' lang='lat' dir='ltr'>sa·</span> 
     </span>
     <span class='ocr_line' id='line_1_19' title="bbox 172 2273 1326 2385; baseline 0 -34"><span class='ocrx_word' id='word_1_133' title='bbox 172 2274 321 2382; x_wconf 89' lang='lat' dir='ltr'>pientia</span> <span class='ocrx_word' id='word_1_134' title='bbox 354 2277 552 2385; x_wconf 62' lang='lat' dir='ltr'>praeditur,</span> <span class='ocrx_word' id='word_1_135' title='bbox 585 2277 694 2357; x_wconf 89' lang='lat' dir='ltr'>velut</span> <span class='ocrx_word' id='word_1_136' title='bbox 730 2285 935 2384; x_wconf 88' lang='lat' dir='ltr'>magnum&#39;</span> <span class='ocrx_word' id='word_1_137' title='bbox 954 2277 1035 2356; x_wconf 92' lang='lat' dir='ltr'>Dei</span> <span class='ocrx_word' id='word_1_138' title='bbox 1069 2303 1218 2356; x_wconf 84' lang='lat' dir='ltr'>munus</span> <span class='ocrx_word' id='word_1_139' title='bbox 1254 2273 1326 2354; x_wconf 89' lang='lat' dir='ltr'>toti</span> 
     </span>
     <span class='ocr_line' id='line_1_20' title="bbox 172 2386 1326 2497; baseline 0 -32"><span class='ocrx_word' id='word_1_140' title='bbox 172 2387 346 2496; x_wconf 90' lang='lat' dir='ltr'>Reipub.</span> <span class='ocrx_word' id='word_1_141' title='bbox 364 2388 451 2468; x_wconf 90' lang='lat' dir='ltr'>satis</span> <span class='ocrx_word' id='word_1_142' title='bbox 463 2388 537 2468; x_wconf 78' lang='lat' dir='ltr'>elie</span> <span class='ocrx_word' id='word_1_143' title='bbox 553 2388 666 2497; x_wconf 84' lang='lat' dir='ltr'>poffit</span> <span class='ocrx_word' id='word_1_144' title='bbox 680 2390 727 2468; x_wconf 90' lang='lat' dir='ltr'>ad</span> <span class='ocrx_word' id='word_1_145' title='bbox 741 2389 885 2469; x_wconf 89' lang='lat' dir='ltr'>bonam</span> <span class='ocrx_word' id='word_1_146' title='bbox 900 2386 1072 2495; x_wconf 86' lang='lat' dir='ltr'>frugem.</span> <span class='ocrx_word' id='word_1_147' title='bbox 1122 2387 1326 2466; x_wconf 87' lang='lat' dir='ltr'>Caeterum</span> 
     </span>
     <span class='ocr_line' id='line_1_21' title="bbox 171 2497 1365 2607; baseline 0.001 -32"><span class='ocrx_word' id='word_1_148' title='bbox 171 2497 241 2576; x_wconf 94' lang='lat' dir='ltr'>ubi</span> <span class='ocrx_word' id='word_1_149' title='bbox 262 2500 376 2579; x_wconf 87' lang='lat' dir='ltr'>nullae</span> <span class='ocrx_word' id='word_1_150' title='bbox 391 2502 528 2607; x_wconf 88' lang='lat' dir='ltr'>vigent</span> <span class='ocrx_word' id='word_1_151' title='bbox 541 2502 673 2594; x_wconf 89' lang='lat' dir='ltr'>Artes,</span> <span class='ocrx_word' id='word_1_152' title='bbox 692 2501 761 2579; x_wconf 93' lang='lat' dir='ltr'>ubi</span> <span class='ocrx_word' id='word_1_153' title='bbox 781 2503 909 2580; x_wconf 85' lang='lat' dir='ltr'>omnis</span> <span class='ocrx_word' id='word_1_154' title='bbox 927 2499 1216 2580; x_wconf 83' lang='lat' dir='ltr'>exterminatur</span> <span class='ocrx_word' id='word_1_155' title='bbox 1235 2526 1324 2578; x_wconf 87' lang='lat' dir='ltr'>eru·</span> <span class='ocrx_word' id='word_1_156' title='bbox 1362 2554 1365 2561; x_wconf 86' lang='lat'><em>-</em></span> 
     </span>
     <span class='ocr_line' id='line_1_22' title="bbox 169 2607 1321 2719; baseline 0.002 -33"><span class='ocrx_word' id='word_1_157' title='bbox 169 2607 283 2702; x_wconf 82' lang='lat' dir='ltr'>ditio,</span> <span class='ocrx_word' id='word_1_158' title='bbox 305 2637 353 2688; x_wconf 90' lang='lat' dir='ltr'>ne</span> <span class='ocrx_word' id='word_1_159' title='bbox 379 2612 505 2690; x_wconf 94' lang='lat' dir='ltr'>ullum</span> <span class='ocrx_word' id='word_1_160' title='bbox 533 2613 696 2719; x_wconf 92' lang='lat' dir='ltr'>quidem</span> <span class='ocrx_word' id='word_1_161' title='bbox 727 2613 782 2690; x_wconf 95' lang='lat' dir='ltr'>ibi</span> <span class='ocrx_word' id='word_1_162' title='bbox 804 2615 878 2691; x_wconf 87' lang='lat' dir='ltr'>viri</span> <span class='ocrx_word' id='word_1_163' title='bbox 905 2612 999 2691; x_wconf 91' lang='lat' dir='ltr'>boni</span> <span class='ocrx_word' id='word_1_164' title='bbox 1017 2610 1232 2716; x_wconf 87' lang='lat' dir='ltr'>vestigium</span> <span class='ocrx_word' id='word_1_165' title='bbox 1253 2608 1321 2701; x_wconf 90' lang='lat' dir='ltr'>est,</span> 
     </span>
     <span class='ocr_line' id='line_1_23' title="bbox 169 2720 1324 2831; baseline 0.003 -34"><span class='ocrx_word' id='word_1_166' title='bbox 169 2720 357 2827; x_wconf 80' lang='lat' dir='ltr'>graffatur</span> <span class='ocrx_word' id='word_1_167' title='bbox 383 2724 606 2803; x_wconf 86' lang='lat' dir='ltr'>immanitas</span> <span class='ocrx_word' id='word_1_168' title='bbox 632 2743 747 2831; x_wconf 93' lang='lat' dir='ltr'>atque</span> <span class='ocrx_word' id='word_1_169' title='bbox 775 2722 933 2805; x_wconf 91' lang='lat' dir='ltr'>horrida</span> <span class='ocrx_word' id='word_1_170' title='bbox 956 2723 1174 2816; x_wconf 89' lang='lat' dir='ltr'>barbaries;</span> <span class='ocrx_word' id='word_1_171' title='bbox 1208 2721 1324 2827; x_wconf 89' lang='lat' dir='ltr'>hujus</span> 
     </span>
     <span class='ocr_line' id='line_1_24' title="bbox 169 2833 1322 2944; baseline 0.002 -34"><span class='ocrx_word' id='word_1_172' title='bbox 169 2834 227 2911; x_wconf 93' lang='lat' dir='ltr'>rei</span> <span class='ocrx_word' id='word_1_173' title='bbox 249 2833 386 2913; x_wconf 90' lang='lat' dir='ltr'>testem</span> <span class='ocrx_word' id='word_1_174' title='bbox 405 2835 562 2944; x_wconf 87' lang='lat' dir='ltr'>appello</span> <span class='ocrx_word' id='word_1_175' title='bbox 583 2864 661 2914; x_wconf 90' lang='lat' dir='ltr'>non</span> <span class='ocrx_word' id='word_1_176' title='bbox 689 2837 890 2916; x_wconf 86' lang='lat' dir='ltr'>civitatem</span> <span class='ocrx_word' id='word_1_177' title='bbox 915 2864 1051 2928; x_wconf 91' lang='lat' dir='ltr'>unam,</span> <span class='ocrx_word' id='word_1_178' title='bbox 1071 2854 1139 2914; x_wconf 92' lang='lat' dir='ltr'>aut</span> <span class='ocrx_word' id='word_1_179' title='bbox 1159 2837 1322 2943; x_wconf 90' lang='lat' dir='ltr'>provin·</span> 
     </span>
     <span class='ocr_line' id='line_1_25' title="bbox 135 2945 1322 3055; baseline 0.003 -33"><span class='ocrx_word' id='word_1_180' title='bbox 135 2971 139 2978; x_wconf 91' lang='lat'>·</span> <span class='ocrx_word' id='word_1_181' title='bbox 167 2945 285 3038; x_wconf 88' lang='lat' dir='ltr'>ciam,</span> <span class='ocrx_word' id='word_1_182' title='bbox 307 2973 384 3024; x_wconf 92' lang='lat' dir='ltr'>non</span> <span class='ocrx_word' id='word_1_183' title='bbox 406 2967 581 3055; x_wconf 88' lang='lat' dir='ltr'>gentem,</span> <span class='ocrx_word' id='word_1_184' title='bbox 601 2947 665 3026; x_wconf 91' lang='lat' dir='ltr'>sed</span> <span class='ocrx_word' id='word_1_185' title='bbox 685 2967 865 3055; x_wconf 90' lang='lat' dir='ltr'>quartam</span> <span class='ocrx_word' id='word_1_186' title='bbox 891 2948 996 3028; x_wconf 89' lang='lat' dir='ltr'>orbis</span> <span class='ocrx_word' id='word_1_187' title='bbox 1016 2966 1211 3027; x_wconf 89' lang='lat' dir='ltr'>terrarum</span> <span class='ocrx_word' id='word_1_188' title='bbox 1230 2973 1322 3054; x_wconf 90' lang='lat' dir='ltr'>par-</span> 
     </span>
     <span class='ocr_line' id='line_1_26' title="bbox 167 3057 1321 3168; baseline 0.002 -34"><span class='ocrx_word' id='word_1_189' title='bbox 167 3072 249 3134; x_wconf 89' lang='lat' dir='ltr'>tem</span> <span class='ocrx_word' id='word_1_190' title='bbox 271 3060 475 3165; x_wconf 84' lang='lat' dir='ltr'>Europam,</span> <span class='ocrx_word' id='word_1_191' title='bbox 496 3058 574 3167; x_wconf 71' lang='lat' dir='ltr'>qud</span> <span class='ocrx_word' id='word_1_192' title='bbox 603 3060 683 3139; x_wconf 74' lang='lat' dir='ltr'>total</span> <span class='ocrx_word' id='word_1_193' title='bbox 710 3059 972 3168; x_wconf 87' lang='lat' dir='ltr'>superioribus</span> <span class='ocrx_word' id='word_1_194' title='bbox 1000 3059 1153 3166; x_wconf 92' lang='lat' dir='ltr'>aliquot</span> <span class='ocrx_word' id='word_1_195' title='bbox 1174 3057 1321 3138; x_wconf 86' lang='lat' dir='ltr'>saeculis</span> 
     </span>
     <span class='ocr_line' id='line_1_27' title="bbox 166 3169 1321 3280; baseline 0.003 -35"><span class='ocrx_word' id='word_1_196' title='bbox 166 3195 303 3247; x_wconf 87' lang='lat' dir='ltr'>omnes</span> <span class='ocrx_word' id='word_1_197' title='bbox 323 3169 432 3250; x_wconf 87' lang='lat' dir='ltr'>bonae</span> <span class='ocrx_word' id='word_1_198' title='bbox 452 3173 568 3250; x_wconf 87' lang='lat' dir='ltr'>Artes</span> <span class='ocrx_word' id='word_1_199' title='bbox 588 3171 827 3266; x_wconf 88' lang='lat' dir='ltr'>interierant,</span> <span class='ocrx_word' id='word_1_200' title='bbox 847 3199 984 3252; x_wconf 90' lang='lat' dir='ltr'>omncs</span> <span class='ocrx_word' id='word_1_201' title='bbox 1013 3192 1106 3251; x_wconf 91' lang='lat' dir='ltr'>tunc</span> <span class='ocrx_word' id='word_1_202' title='bbox 1128 3171 1321 3280; x_wconf 89' lang='lat' dir='ltr'>temporis</span> 
     </span>
     <span class='ocr_line' id='line_1_28' title="bbox 165 3280 1320 3392; baseline 0.003 -35"><span class='ocrx_word' id='word_1_203' title='bbox 165 3280 400 3361; x_wconf 88' lang='lat' dir='ltr'>Academias</span> <span class='ocrx_word' id='word_1_204' title='bbox 428 3283 600 3391; x_wconf 87' lang='lat' dir='ltr'>praefides</span> <span class='ocrx_word' id='word_1_205' title='bbox 627 3280 696 3362; x_wconf 91' lang='lat' dir='ltr'>diu</span> <span class='ocrx_word' id='word_1_206' title='bbox 725 3283 850 3363; x_wconf 89' lang='lat' dir='ltr'>Musae</span> <span class='ocrx_word' id='word_1_207' title='bbox 878 3284 1140 3390; x_wconf 81' lang='lat' dir='ltr'>reliquerant3</span> <span class='ocrx_word' id='word_1_208' title='bbox 1175 3310 1320 3392; x_wconf 89' lang='lat' dir='ltr'>perva-</span> 
     </span>
    </p>
   </div>
   <div class='ocr_carea' id='block_1_4' title="bbox 34 3388 1321 3504">
    <p class='ocr_par' dir='ltr' id='par_1_4' title="bbox 34 3388 1321 3504">
     <span class='ocr_line' id='line_1_29' title="bbox 34 3388 1321 3504; baseline 0.004 -37"><span class='ocrx_word' id='word_1_209' title='bbox 34 3485 37 3492; x_wconf 74' lang='lat'>,</span> <span class='ocrx_word' id='word_1_210' title='bbox 164 3388 262 3471; x_wconf 90' lang='lat' dir='ltr'>serat</span> <span class='ocrx_word' id='word_1_211' title='bbox 286 3395 433 3488; x_wconf 92' lang='lat' dir='ltr'>omnia,</span> <span class='ocrx_word' id='word_1_212' title='bbox 453 3414 493 3473; x_wconf 90' lang='lat' dir='ltr'>et</span> <span class='ocrx_word' id='word_1_213' title='bbox 520 3395 730 3504; x_wconf 67' lang='lat' dir='ltr'>occuparat</span> <span class='ocrx_word' id='word_1_214' title='bbox 756 3424 854 3475; x_wconf 88' lang='lat' dir='ltr'>caeca</span> <span class='ocrx_word' id='word_1_215' title='bbox 879 3395 1033 3487; x_wconf 91' lang='lat' dir='ltr'>inertia,</span> <span class='ocrx_word' id='word_1_216' title='bbox 1055 3392 1154 3473; x_wconf 94' lang='lat' dir='ltr'>nihil</span> <span class='ocrx_word' id='word_1_217' title='bbox 1181 3394 1321 3473; x_wconf 89' lang='lat' dir='ltr'>audie-</span> 
     </span>
    </p>
   </div>
   <div class='ocr_carea' id='block_1_5' title="bbox 156 3500 1318 4512">
    <p class='ocr_par' dir='ltr' id='par_1_5' title="bbox 156 3500 1318 4512">
     <span class='ocr_line' id='line_1_30' title="bbox 164 3500 1317 3615; baseline 0.005 -37"><span class='ocrx_word' id='word_1_218' title='bbox 164 3500 278 3581; x_wconf 90' lang='lat' dir='ltr'>batur</span> <span class='ocrx_word' id='word_1_219' title='bbox 297 3505 338 3581; x_wconf 92' lang='lat' dir='ltr'>in</span> <span class='ocrx_word' id='word_1_220' title='bbox 360 3504 511 3585; x_wconf 88' lang='lat' dir='ltr'>Scholis</span> <span class='ocrx_word' id='word_1_221' title='bbox 531 3527 668 3615; x_wconf 88' lang='lat' dir='ltr'>praetcr</span> <span class='ocrx_word' id='word_1_222' title='bbox 688 3506 824 3586; x_wconf 91' lang='lat' dir='ltr'>insulsa</span> <span class='ocrx_word' id='word_1_223' title='bbox 845 3507 1195 3615; x_wconf 86' lang='lat' dir='ltr'>stupidiffimorum</span> <span class='ocrx_word' id='word_1_224' title='bbox 1217 3507 1317 3585; x_wconf 93' lang='lat' dir='ltr'>Mo-</span> 
     </span>
     <span class='ocr_line' id='line_1_31' title="bbox 163 3610 1318 3726; baseline 0.004 -36"><span class='ocrx_word' id='word_1_225' title='bbox 163 3610 381 3693; x_wconf 91' lang='lat' dir='ltr'>nachorum</span> <span class='ocrx_word' id='word_1_226' title='bbox 402 3616 601 3722; x_wconf 88' lang='lat' dir='ltr'>dogmata,</span> <span class='ocrx_word' id='word_1_227' title='bbox 623 3636 756 3724; x_wconf 87' lang='lat' dir='ltr'>togam</span> <span class='ocrx_word' id='word_1_228' title='bbox 784 3618 933 3699; x_wconf 90' lang='lat' dir='ltr'>scilicet</span> <span class='ocrx_word' id='word_1_229' title='bbox 959 3621 1084 3711; x_wconf 74' lang='lat' dir='ltr'>nacla,</span> <span class='ocrx_word' id='word_1_230' title='bbox 1105 3645 1175 3726; x_wconf 90' lang='lat' dir='ltr'>per</span> <span class='ocrx_word' id='word_1_231' title='bbox 1193 3644 1318 3697; x_wconf 89' lang='lat' dir='ltr'>vacua</span> 
     </span>
     <span class='ocr_line' id='line_1_32' title="bbox 163 3725 1317 3838; baseline 0.003 -35"><span class='ocrx_word' id='word_1_232' title='bbox 163 3725 291 3805; x_wconf 88' lang='lat' dir='ltr'>nostra</span> <span class='ocrx_word' id='word_1_233' title='bbox 310 3745 349 3806; x_wconf 90' lang='lat' dir='ltr'>et</span> <span class='ocrx_word' id='word_1_234' title='bbox 368 3727 535 3838; x_wconf 91' lang='lat' dir='ltr'>pulpita,</span> <span class='ocrx_word' id='word_1_235' title='bbox 556 3757 626 3837; x_wconf 89' lang='lat' dir='ltr'>per</span> <span class='ocrx_word' id='word_1_236' title='bbox 645 3727 861 3837; x_wconf 87' lang='lat' dir='ltr'>squalentes</span> <span class='ocrx_word' id='word_1_237' title='bbox 882 3728 1098 3809; x_wconf 88' lang='lat' dir='ltr'>Cathedras</span> <span class='ocrx_word' id='word_1_238' title='bbox 1119 3728 1317 3834; x_wconf 65' lang='lat' dir='ltr'>jastitavit</span> 
     </span>
     <span class='ocr_line' id='line_1_33' title="bbox 162 3836 1314 3948; baseline 0.002 -32"><span class='ocrx_word' id='word_1_239' title='bbox 162 3836 200 3916; x_wconf 90' lang='lat' dir='ltr'>se</span> <span class='ocrx_word' id='word_1_240' title='bbox 234 3836 486 3948; x_wconf 91' lang='lat' dir='ltr'>prophanum</span> <span class='ocrx_word' id='word_1_241' title='bbox 522 3857 561 3919; x_wconf 90' lang='lat' dir='ltr'>et</span> <span class='ocrx_word' id='word_1_242' title='bbox 595 3839 765 3921; x_wconf 87' lang='lat' dir='ltr'>informe</span> <span class='ocrx_word' id='word_1_243' title='bbox 802 3842 1034 3935; x_wconf 88' lang='lat' dir='ltr'>monstrum,</span> <span class='ocrx_word' id='word_1_244' title='bbox 1070 3841 1314 3947; x_wconf 87' lang='lat' dir='ltr'>Ignorantia.</span> 
     </span>
     <span class='ocr_line' id='line_1_34' title="bbox 162 3951 1316 4061; baseline 0.003 -33"><span class='ocrx_word' id='word_1_245' title='bbox 162 3951 274 4028; x_wconf 93' lang='lat' dir='ltr'>Tum</span> <span class='ocrx_word' id='word_1_246' title='bbox 294 3953 470 4060; x_wconf 92' lang='lat' dir='ltr'>primum</span> <span class='ocrx_word' id='word_1_247' title='bbox 490 3952 625 4061; x_wconf 91' lang='lat' dir='ltr'>lugere</span> <span class='ocrx_word' id='word_1_248' title='bbox 648 3955 789 4048; x_wconf 89' lang='lat' dir='ltr'>Pietas,</span> <span class='ocrx_word' id='word_1_249' title='bbox 810 3973 850 4034; x_wconf 91' lang='lat' dir='ltr'>et</span> <span class='ocrx_word' id='word_1_250' title='bbox 875 3955 1056 4060; x_wconf 88' lang='lat' dir='ltr'>extingui</span> <span class='ocrx_word' id='word_1_251' title='bbox 1086 3954 1249 4060; x_wconf 88' lang='lat' dir='ltr'>Religio</span> <span class='ocrx_word' id='word_1_252' title='bbox 1273 3972 1316 4032; x_wconf 89' lang='lat' dir='ltr'>et</span> 
     </span>
     <span class='ocr_line' id='line_1_35' title="bbox 161 4061 1313 4174; baseline 0.002 -34"><span class='ocrx_word' id='word_1_253' title='bbox 161 4061 311 4169; x_wconf 75' lang='lat' dir='ltr'>pelium</span> <span class='ocrx_word' id='word_1_254' title='bbox 333 4065 403 4157; x_wconf 93' lang='lat' dir='ltr'>ire,</span> <span class='ocrx_word' id='word_1_255' title='bbox 417 4065 514 4145; x_wconf 88' lang='lat' dir='ltr'>adeo</span> <span class='ocrx_word' id='word_1_256' title='bbox 535 4084 578 4144; x_wconf 94' lang='lat' dir='ltr'>ut</span> <span class='ocrx_word' id='word_1_257' title='bbox 598 4093 648 4145; x_wconf 89' lang='lat' dir='ltr'>ex</span> <span class='ocrx_word' id='word_1_258' title='bbox 668 4067 967 4173; x_wconf 86' lang='lat' dir='ltr'>gravivulnere,</span> <span class='ocrx_word' id='word_1_259' title='bbox 981 4066 1063 4143; x_wconf 91' lang='lat' dir='ltr'>sero</span> <span class='ocrx_word' id='word_1_260' title='bbox 1077 4085 1195 4174; x_wconf 90' lang='lat' dir='ltr'>atque</span> <span class='ocrx_word' id='word_1_261' title='bbox 1209 4091 1313 4172; x_wconf 87' lang='lat' dir='ltr'>aegre</span> 
     </span>
     <span class='ocr_line' id='line_1_36' title="bbox 159 4173 1311 4284; baseline 0.003 -33"><span class='ocrx_word' id='word_1_262' title='bbox 159 4173 228 4252; x_wconf 91' lang='lat' dir='ltr'>vix</span> <span class='ocrx_word' id='word_1_263' title='bbox 248 4176 289 4253; x_wconf 92' lang='lat' dir='ltr'>in</span> <span class='ocrx_word' id='word_1_264' title='bbox 308 4173 415 4255; x_wconf 93' lang='lat' dir='ltr'>hunc</span> <span class='ocrx_word' id='word_1_265' title='bbox 434 4176 555 4284; x_wconf 89' lang='lat' dir='ltr'>usque</span> <span class='ocrx_word' id='word_1_266' title='bbox 575 4178 681 4256; x_wconf 91' lang='lat' dir='ltr'>diem</span> <span class='ocrx_word' id='word_1_267' title='bbox 700 4177 955 4260; x_wconf 89' lang='lat' dir='ltr'>convaluerit.</span> <span class='ocrx_word' id='word_1_268' title='bbox 1014 4179 1072 4257; x_wconf 90' lang='lat' dir='ltr'>At</span> <span class='ocrx_word' id='word_1_269' title='bbox 1091 4205 1199 4270; x_wconf 87' lang='lat' dir='ltr'>vero,</span> <span class='ocrx_word' id='word_1_270' title='bbox 1220 4179 1311 4256; x_wconf 92' lang='lat' dir='ltr'>Au·</span> 
     </span>
     <span class='ocr_line' id='line_1_37' title="bbox 159 4285 1312 4398; baseline 0.003 -35"><span class='ocrx_word' id='word_1_271' title='bbox 159 4285 318 4379; x_wconf 89' lang='lat' dir='ltr'>ditores,</span> <span class='ocrx_word' id='word_1_272' title='bbox 340 4285 475 4367; x_wconf 90' lang='lat' dir='ltr'>hocin</span> <span class='ocrx_word' id='word_1_273' title='bbox 498 4287 751 4397; x_wconf 92' lang='lat' dir='ltr'>Philosophia</span> <span class='ocrx_word' id='word_1_274' title='bbox 776 4307 920 4383; x_wconf 93' lang='lat' dir='ltr'>ratum,</span> <span class='ocrx_word' id='word_1_275' title='bbox 942 4308 981 4369; x_wconf 91' lang='lat' dir='ltr'>et</span> <span class='ocrx_word' id='word_1_276' title='bbox 1004 4290 1214 4398; x_wconf 90' lang='lat' dir='ltr'>antiquum</span> <span class='ocrx_word' id='word_1_277' title='bbox 1236 4288 1312 4367; x_wconf 83' lang='lat' dir='ltr'>effe</span> 
     </span>
     <span class='ocr_line' id='line_1_38' title="bbox 156 4396 1313 4512; baseline 0.005 -37"><span class='ocrx_word' id='word_1_278' title='bbox 156 4396 243 4477; x_wconf 87' lang='lat' dir='ltr'>satis</span> <span class='ocrx_word' id='word_1_279' title='bbox 262 4399 423 4493; x_wconf 88' lang='lat' dir='ltr'>constat,</span> <span class='ocrx_word' id='word_1_280' title='bbox 444 4404 573 4481; x_wconf 90' lang='lat' dir='ltr'>omnis</span> <span class='ocrx_word' id='word_1_281' title='bbox 593 4403 698 4495; x_wconf 89' lang='lat' dir='ltr'>artis,</span> <span class='ocrx_word' id='word_1_282' title='bbox 719 4401 924 4509; x_wconf 91' lang='lat' dir='ltr'>omnisque</span> <span class='ocrx_word' id='word_1_283' title='bbox 949 4401 1117 4481; x_wconf 79' lang='lat' dir='ltr'>scientiae</span> <span class='ocrx_word' id='word_1_284' title='bbox 1142 4430 1313 4512; x_wconf 91' lang='lat' dir='ltr'>percep·</span> 
     </span>
    </p>
   </div>
   <div class='ocr_carea' id='block_1_6' title="bbox 0 0 1482 4980">
    <p class='ocr_par' dir='ltr' id='par_1_6' title="bbox 0 0 1482 4980">
     <span class='ocr_line' id='line_1_39' title="bbox 0 0 1482 4980; baseline 0 6"><span class='ocrx_word' id='word_1_285' title='bbox 0 0 1482 4980; x_wconf 95' lang='lat' dir='ltr'> </span> 
     </span>
    </p>
   </div>
  </div>
 </body>
</html>
