2956 4980
141 267 145 275 ·
298 214 462 311 Literae
488 210 683 311 Oliverii
708 219 998 315 Protestoris.
1146 235 1226 342 265·

31 386 88 472 ὲ
111 393 379 486 Parlamento,
406 420 492 502 quae
517 411 603 472 tum
626 392 793 502 potestas
823 393 937 474 rebus
965 382 1135 504 praefuit,
1165 397 1228 475 in-

36 505 269 599 choatam,
290 524 331 585 et
349 501 496 584 anobis
512 504 667 584 summo
679 504 830 614 semper
843 506 970 585 studio
982 525 1227 616 exoptatam,

42 617 163 697 Deo
188 617 388 724 imprimis
412 614 580 711 favente,
607 644 757 725 proque
784 619 829 696 eri
856 645 978 725 quam
1002 621 1227 728 accepimus

39 728 316 839 Reipublicae
336 727 685 820 administratione,
699 727 867 807 feliciter
881 729 1039 809 tandem
1052 730 1228 811 confeci·

37 868 174 937 xnus,
196 841 295 920 etin
316 858 569 949 perpetuum,
591 841 650 919 uti
675 838 758 950 spes
778 841 847 934 est,
869 840 1081 922 sanximus.
1143 846 1226 922 lta-

41 980 146 1061 que
178 954 377 1060 Legatum
406 952 580 1032 vestrum
611 953 967 1032 extraordinarium
1000 955 1227 1034 Dominum

48 1063 260 1174 Joannem
280 1062 500 1144 Rodericum
523 1064 566 1145 da
591 1064 669 1142 Saa
691 1064 869 1171 Meneses,
899 1067 1104 1148 Comitem
1125 1070 1227 1148 Pen-

53 1174 366 1284 naguiadanum,
390 1177 522 1257 virum
553 1204 648 1255 cum
679 1175 896 1281 Majestatis
919 1176 1051 1258 vestrae
1074 1179 1228 1285 judicio

47 1288 390 1398 comprobatum,
411 1306 499 1369 tum
522 1286 781 1381 humanitate,
804 1288 978 1394 ingenio,
1002 1292 1224 1399 prudentii,

50 1400 147 1481 fide
173 1399 526 1510 praestantiffimum
552 1397 704 1480 anobis
729 1419 944 1508 repertum,
962 1427 1057 1480 cum
1077 1402 1227 1511 expleti

54 1513 247 1594 muneris
262 1512 420 1619 egregia
432 1512 562 1606 laude,
578 1531 618 1591 et
633 1511 827 1620 reportati
841 1510 972 1590 secum
988 1540 1099 1622 pace,
1115 1514 1226 1593 vobis

52 1624 287 1705 reddimus.
321 1622 443 1732 de
454 1642 587 1704 autem
600 1652 670 1733 per
683 1624 812 1703 literas
824 1621 992 1703 secundo
1004 1625 1227 1736 dieAprilis

63 1734 272 1847 Ulyffipone
301 1735 422 1830 datas,
458 1735 643 1843 Majestas
678 1734 801 1814 vestra
836 1737 974 1842 quanti
1007 1765 1077 1817 nos
1109 1737 1228 1818 faciat

51 1875 271 1957 quamque
303 1845 482 1956 impense
515 1848 698 1955 dignitati
733 1846 869 1925 nostrae
905 1845 1045 1943 faveat,
1081 1849 1227 1959 nosque

61 1958 384 2069 Rempublicam
418 1957 617 2068 suscepisse
655 1958 952 2066 gubernandam
986 1981 1228 2071 quantopere

57 2071 197 2153 laetata
212 2071 270 2164 sit,
287 2068 393 2150 haud
409 2070 579 2151 obscuris
599 2071 754 2150 indiciis
773 2071 973 2176 singularis
992 2073 1228 2153 benevolen-

63 2185 135 2264 riae
156 2182 330 2277 testatur,
355 2182 395 2261 id
416 2210 509 2262 vero
532 2178 634 2261 mihi
661 2182 923 2288 gratillimum
947 2184 1035 2278 else,
1056 2213 1107 2264 ex
1128 2186 1226 2265 meis

63 2297 112 2375 in
128 2294 381 2401 Majestatem
397 2295 565 2373 vestram
583 2293 830 2402 paratissimis
844 2296 955 2372 omni
972 2315 1149 2403 ternpore
1164 2295 1226 2374 of-

64 2406 296 2501 ficiis,dabo
309 2432 470 2516 operam
484 2425 528 2484 ut
540 2403 654 2485 sacili
667 2403 827 2513 pollhac
841 2432 977 2486 omues
989 2407 1225 2513 intelligant.

68 2520 222 2627 Neque
242 2515 397 2625 segnibs
413 2519 559 2597 interea
571 2545 643 2626 pro
658 2516 929 2596 incolumitate
941 2519 1078 2611 vestral,
1091 2519 1228 2598 vestri·

71 2658 151 2738 que
181 2632 293 2736 regni
323 2628 430 2709 felici
460 2630 575 2721 statu,
605 2657 816 2737 rerumque
845 2629 1029 2739 prospero
1059 2630 1225 2711 successu

73 2743 273 2852 conceptis
293 2742 341 2821 ad
362 2744 498 2821 Deum
519 2740 700 2850 precibus
720 2742 929 2821 contendo.
1143 2791 1150 2808 ·

355 2853 577 2959 Majestatis
598 2852 742 2931 Vestrae
761 2853 1062 2932 Studiosrffimus

482 2963 672 3044 Olmerius
688 2965 861 3075 Reipub.
883 2966 1052 3072 Angliae,
1075 2964 1227 3058 Scotiae,

578 3076 796 3171 Hibernia,
814 3081 889 3158 dcc.
912 3078 1126 3157 Protestor.

91 3462 286 3545 Oliverius
307 3467 505 3546 Protebior
525 3462 680 3573 Reipub.
702 3463 872 3571 Angliae,
892 3464 970 3544 &a
993 3462 1158 3569 Exceffis
1176 3481 1213 3542 et

136 3576 438 3685 Praepotentibus
453 3579 486 3657 F
488 3577 649 3657 oederati
667 3577 798 3683 Belgii
822 3575 1025 3656 Ordinibus
1045 3578 1087 3656 S.
1105 3577 1164 3656 D.

78 3736 232 3817 Excelsr
251 3758 291 3817 et
312 3740 574 3849 Praepotentes
594 3740 781 3835 Domini,

214 3851 334 3930 amici
353 3849 590 3946 chariffimi3

78 3970 373 4166 OStendunt
396 3976 509 4057 nobis
534 3997 768 4058 mercatores
788 3979 966 4086 quidam,
983 3977 1086 4058 cives
1106 3977 1226 4057 nostri

208 4082 365 4168 Thomas
384 4087 564 4197 Buffelus,
585 4088 800 4171 Richardus
819 4093 981 4184 Beatus,
1001 4090 1146 4199 aliique
1166 4089 1227 4169 so-

72 4197 126 4278 cii
144 4224 287 4279 navem
301 4201 500 4309 quandam
512 4201 621 4281 suam
635 4201 824 4282 Edmundi
834 4220 874 4281 et
888 4202 1051 4310 Joannis
1067 4202 1228 4281 nomine
1340 4252 1345 4260 -

72 4309 300 4418 insignitam
317 4313 416 4392 dum
436 4313 484 4393 ab
504 4342 572 4394 ora
586 4314 801 4419 Brastliana
816 4315 1045 4424 Olyspponem
1064 4332 1228 4393 conten-

70 4422 183 4504 deret
202 4423 253 4503 ab
274 4426 364 4505 navi
384 4427 556 4533 quadam
579 4428 808 4535 praedatoria
829 4426 1056 4535 Flfflngenss
1071 4425 1135 4505 cui
1157 4452 1228 4503 no·

70 4562 169 4618 meu
194 4535 325 4618 Rubro
347 4539 478 4633 Leoni,
504 4539 698 4648 Magister
725 4538 952 4620 Lambertus
977 4536 1228 4645 Bartelsonus,
