2956 4980
399 250 563 346 Literae
587 255 782 348 Senatus
808 248 1078 383 Anglicani.
1235 293 1310 348 201

158 423 321 531 Angliae
334 423 495 503 millum
514 423 613 504 effe:
644 453 726 535 quo
745 444 880 505 autem
899 426 1074 505 muneris
1096 426 1226 521 titulo,
1242 428 1318 507 five

159 536 321 645 Legati,
348 536 425 614 five
444 537 627 644 Agentis,
653 538 729 617 five
758 537 997 616 Internuntii
1021 564 1099 616 non
1124 538 1247 634 dicis;
1280 539 1320 618 id

157 647 268 756 quod
288 676 339 727 ex
359 648 482 727 literis
496 675 592 757 quas
608 646 630 726 a
646 676 737 756 rege
753 646 871 729 habes
886 650 1227 730 commendatitias
1242 651 1318 730 five

158 759 417 839 credentiales
442 761 663 867 intelligere
687 763 881 854 velimus;
917 789 1087 869 quarum
1113 763 1316 871 exemplar

158 871 210 951 ad
229 899 301 951 nos
321 873 468 981 poteris
487 869 800 984 quamprimum
818 874 1000 967 mittere;
1021 874 1145 954 *timul
1162 893 1201 953 et
1218 873 1315 953 illud

159 983 274 1077 scire,
294 983 428 1063 satisne
454 984 570 1094 plend
595 984 784 1095 potestate
812 985 1019 1065 instructus
1038 987 1169 1066 venias
1189 985 1320 1066 adeas

157 1095 323 1201 injurias
351 1095 577 1205 expiandas,
599 1097 819 1206 damnaque
849 1124 895 1176 ca
924 1096 1162 1177 resarcienda
1186 1093 1321 1205 quaed

160 1208 279 1315 Rege
305 1208 431 1288 vestro
456 1207 564 1288 illata
589 1208 683 1288 huic
708 1209 865 1319 Repub.
894 1207 1003 1289 sunt:
1040 1210 1138 1290 dum
1162 1208 1317 1289 hostem

157 1319 340 1400 nostrum
369 1319 450 1399 totd
478 1319 605 1401 aestate
632 1322 817 1431 proxim&
847 1319 922 1400 suis
953 1321 1144 1429 portubus
1169 1340 1318 1400 tutatus

159 1430 335 1512 Classem
354 1432 609 1539 Anglicanam
635 1436 676 1512 in
703 1432 866 1513 rebelles
886 1451 926 1511 et
948 1431 1131 1543 perfugas
1151 1460 1250 1541 quos
1269 1431 1318 1512 ed

159 1543 284 1652 usque
305 1542 478 1624 insecuta
496 1565 592 1640 erat,
612 1547 811 1655 impetum
831 1543 957 1623 facere
983 1564 1186 1653 parantem
1205 1544 1318 1624 cohi·

159 1655 266 1751 buit,
279 1653 434 1736 hostem
454 1657 502 1735 ab
524 1658 751 1738 invadendis
768 1656 905 1736 nostris
921 1684 998 1735 non
1012 1656 1207 1738 cohibuit.
1250 1657 1317 1736 De

159 1765 225 1849 his
238 1769 426 1849 omnibus
442 1786 487 1849 ut
508 1768 728 1864 satisfacias,
744 1769 771 1848 fi
787 1768 919 1878 ampla
938 1785 978 1849 et
996 1768 1118 1849 libera
1137 1768 1320 1848 mandata
1344 1789 1346 1793 ·

158 1879 353 1989 accepisse
376 1900 414 1960 te
437 1879 643 1990 scripseris,
665 1900 704 1961 et
731 1881 888 1960 illarum
913 1908 1008 1989 quas
1027 1882 1203 1960 diximus
1228 1881 1318 1961 lite·

160 2020 297 2073 rarum
317 1993 520 2102 exemplar
540 1991 617 2074 unit
636 1993 798 2088 miseris,
815 1991 999 2101 deinceps
1016 1992 1258 2088 curabimus,
1275 2010 1321 2073 ut

159 2104 210 2185 ad
231 2131 304 2185 nos
322 2104 399 2184 fide
419 2104 579 2214 publicd
594 2109 725 2216 primo
741 2133 899 2214 quoque
917 2122 1094 2215 tempore
1110 2104 1195 2184 tuto
1210 2134 1321 2184 com·

160 2244 297 2297 meare
320 2217 460 2326 pollis:
492 2218 562 2298 ubi
586 2247 680 2298 cum
704 2219 805 2325 regis
831 2218 949 2297 literae
975 2219 1152 2326 perlecta>
1175 2215 1322 2296 fuerint

160 2328 252 2423 tibi,
273 2355 359 2437 quae
373 2329 555 2409 mandata
570 2329 690 2444 porro
704 2328 882 2426 attulisti,
896 2356 941 2408 ea
956 2327 1078 2409 libere
1095 2328 1321 2439 exponendi

159 2438 328 2522 facultas
347 2441 516 2522 dabitur.

164 2829 452 2910 Parlamentum
469 2827 645 2938 Reipub.
659 2829 816 2936 Angliae
837 2830 1054 2936 Sereniffimo
1069 2828 1248 2939 Principi
1259 2830 1318 2910 D.

222 2939 456 3133 ΙΙῙΙεῒνθιζζιαηᾸυ
471 2938 649 3036 Secundo,
666 2943 811 3050 Magno
825 2943 936 3023 Duci
949 2943 1136 3036 Etruria,
1154 2943 1232 3022 &c.
1252 2943 1321 3019 Sa-

262 3228 383 3308 Iteras
409 3228 642 3334 Celsttudinis
669 3229 807 3338 Vestra
837 3255 886 3308 22
910 3231 1060 3340 Aprilis
1084 3231 1131 3310 16
1137 3257 1204 3337 51,
1231 3229 1286 3308 Fl
1301 3274 1320 3290 ·

289 3340 423 3421 rentiae
441 3341 565 3436 datas,
586 3361 627 3421 et
646 3340 668 3421 i
688 3342 897 3421 Refidente
913 3341 1052 3423 Vestro
1073 3341 1230 3424 Domino
1244 3342 1322 3420 Al-

165 3452 298 3532 mert'co
324 3453 491 3532 Saloetti
511 3453 623 3535 nobis
650 3455 821 3534 redditas
845 3455 1083 3564 accepimus,
1109 3457 1150 3534 in
1179 3453 1323 3562 quibus

168 3565 330 3670 Anglico
359 3567 513 3645 nomini
542 3566 783 3676 quantopere
813 3564 940 3646 faveat
971 3567 1151 3673 Ceffltudo
1178 3566 1322 3675 Vestra,

170 3675 424 3786 Gentemque
443 3706 532 3757 eam
551 3680 688 3787 quanti
712 3677 830 3759 faciat
854 3677 970 3759 facile
990 3680 1261 3790 perspicimus,
1283 3679 1323 3756 id

169 3788 276 3896 quod
298 3817 376 3869 non
395 3786 522 3869 solum
550 3791 792 3871 Mercatores
816 3792 951 3886 nostri,
971 3793 1043 3900 qui
1067 3793 1107 3871 in
1133 3792 1324 3902 portubus

169 3899 303 3981 vestris
328 3901 474 3982 multos
499 3902 586 4010 jam
611 3931 732 3984 annos
758 3904 1022 4011 negotiantur,
1040 3901 1180 3983 veriim
1205 3904 1325 3982 etiam

168 4012 445 4094 Adolescentes
465 4017 614 4124 quique
636 4017 771 4095 nostrae
792 4015 959 4095 nationis
987 4014 1229 4110 nobiliffimi,
1253 4016 1325 4123 qui

169 4124 312 4206 vestras
332 4154 402 4236 per
416 4126 531 4209 urbes
549 4146 615 4209 aut
631 4128 705 4209 iter
720 4128 861 4222 fecsre,
876 4147 943 4207 aut
957 4127 1164 4208 excolendi
1177 4127 1327 4234 ingenii

168 4237 284 4318 causd
308 4244 544 4322 commorati
575 4239 676 4335 sunt,
709 4241 894 4321 testantur
925 4257 1043 4349 atque
1075 4241 1325 4334 confirmant,

168 4377 258 4458 quae
281 4378 376 4431 cum
403 4351 517 4433 nobis
544 4371 722 4462 pergrata
751 4352 838 4433 sane
869 4351 955 4447 fint,
981 4375 1021 4434 et
1049 4352 1325 4463 acceptissima,

168 4482 259 4543 tum
279 4460 356 4544 hoc
374 4467 497 4546 etiam
517 4485 633 4575 atque
653 4467 774 4547 etiam
799 4465 987 4575 petimus,
1009 4485 1052 4546 ut
1077 4494 1159 4574 quo
1178 4463 1326 4559 animo,
