2956 4980
392 239 556 334 Literae
582 242 775 334 Senatus
801 237 1068 370 Anglicani.
1231 282 1308 365 213

140 408 245 494 huic
260 414 510 525 Reipublicae
524 415 737 522 gratiffima
755 415 799 494 fit
818 415 1088 496 benevolentia
1109 419 1174 498 illa
1191 438 1308 528 atque

140 526 275 606 tutela
293 555 416 636 quam
436 526 718 607 mercatoribus
737 529 881 636 Anglis
909 547 989 607 tam
1016 530 1184 639 benigne
1210 560 1307 640 prae-

140 635 305 732 buistis,
327 640 550 747 vestraque
571 639 804 719 Celfitudini
833 643 1030 750 promittit
1058 662 1174 751 atque
1202 643 1306 723 inse

141 751 296 859 recipit
306 751 530 830 mansuram
546 751 650 860 apud
666 752 703 830 se
717 754 756 830 in
773 781 891 831 omne
905 771 1060 863 tempus
1076 752 1192 860 hujus
1207 753 1308 834 bene

141 863 286 942 meriti
305 865 490 971 gratiam,
511 881 772 972 paratumque
801 865 836 944 se
864 866 974 943 omni
1001 867 1199 945 occasione
1223 865 1307 945 fore

140 1001 289 1082 parem
304 976 522 1055 amicitiam
538 977 724 1084 pariaque
738 976 866 1055 officia
877 977 1002 1056 vestro
1018 978 1172 1087 Populo
1183 977 1308 1087 reipsd

140 1086 341 1193 praestare,
355 1088 567 1194 omniaque
581 1086 707 1167 facere
720 1115 806 1195 quae
817 1088 1082 1168 conservanda
1094 1091 1195 1169 inter
1207 1088 1308 1168 hanc

144 1198 331 1278 Gentem
361 1219 480 1308 atque
500 1199 679 1279 Vestram
712 1199 830 1279 solitae
863 1201 1153 1294 benevolentiae,
1190 1220 1307 1310 atque

140 1312 396 1391 commercio
415 1311 557 1420 poffint
574 1311 806 1390 conducere.
867 1314 1053 1419 Cumque
1078 1341 1192 1392 naves
1214 1314 1247 1391 F
1249 1341 1307 1391 oe·

141 1421 375 1502 deratarum
397 1423 524 1530 Belgii
538 1423 835 1502 Provinciarum
856 1424 955 1502 inter
976 1423 1054 1531 ipsa
1073 1424 1122 1504 de
1143 1421 1307 1503 Foedere

145 1533 368 1642 Colloquia
403 1533 425 1614 ὲ
459 1535 671 1644 semetipfis
701 1535 830 1614 oblata
861 1536 900 1612 in
932 1534 1102 1614 Claffem
1136 1536 1307 1614 nostram

146 1644 307 1725 summa
327 1675 421 1726 cum
442 1647 604 1757 perfidia
624 1674 701 1725 non
730 1643 857 1726 solbm
884 1648 923 1726 in
952 1647 1040 1756 ipsis
1070 1647 1309 1727 Stationibus

147 1755 312 1838 hostilia
339 1759 626 1869 inceptaverint
655 1760 753 1866 (quo
781 1760 822 1837 in
853 1757 1023 1838 facinore
1053 1761 1188 1852 Deus,
1220 1778 1307 1838 tan-

146 1897 276 1977 quam
296 1870 440 1951 arbiter
459 1871 704 1978 justiffimus,
724 1870 927 1949 adversum
948 1872 984 1951 se
1010 1872 1087 1951 illis
1107 1891 1224 1980 atque
1245 1873 1306 1950 in-

148 1980 310 2062 sensum
326 1979 664 2090 ostendit)veri1m
681 1984 800 2061 etiam
817 1984 856 2059 in
873 2004 1100 2063 exterorum
1117 1984 1307 2094 portubus

150 2121 271 2174 naves
291 2115 552 2175 mercatorum
575 2094 795 2173 nostrorum
822 2122 961 2204 capere
988 2115 1054 2175 aut
1079 2099 1308 2202 demergere

151 2225 303 2286 conatae
331 2207 416 2302 fint,
437 2207 690 2286 necessarium
718 2208 837 2286 etiarn
865 2208 1086 2293 censuimus
1108 2210 1308 2317 Scriptum

152 2317 231 2398 hoc
255 2320 493 2399 Parlamenti
514 2319 758 2429 Reipublicae
779 2319 934 2426 Angliae
953 2320 998 2398 ad
1025 2318 1308 2398 Celfitudinem

154 2431 336 2511 Vestram
368 2429 446 2511 und
478 2434 658 2525 mittere;
690 2430 800 2535 cujus
828 2431 1035 2510 emittendi
1065 2431 1307 2509 occationem

155 2542 298 2623 dedere
326 2544 604 2624 Controverfiae
632 2545 733 2622 inter
760 2541 861 2621 hanc
891 2543 1092 2653 Rempub.
1120 2562 1159 2622 et
1185 2543 1312 2650 Belgii

159 2656 384 2735 Provincias
411 2658 452 2735 in
479 2655 678 2763 praesentiai
703 2675 857 2735 coortae.
918 2658 980 2734 Ex
1006 2684 1086 2764 quo
1106 2655 1308 2736 Celsrtudo

157 2768 294 2847 Vestra
322 2766 435 2847 facile
463 2767 683 2877 perspiciat,
705 2765 825 2874 quim
854 2768 1002 2875 iniqua,
1023 2796 1143 2876 quam
1172 2788 1307 2848 contra

157 2878 211 2959 fas
238 2907 358 2958 omne
386 2898 501 2987 atque
522 2879 587 2984 jus
608 2880 802 2958 Gentium
830 2877 931 2958 facta
959 2878 1064 2960 illius
1091 2880 1234 2988 Populi
1265 2882 1307 2958 in

158 2989 258 3071 hanc
279 2992 482 3100 Rempub.
503 2993 720 3083 extiterint,
741 3010 780 3070 et
799 2988 920 3097 quam
944 3019 994 3069 ex
1019 2994 1152 3070 animo
1175 2991 1307 3070 Parla-

159 3122 341 3183 mentum
376 3104 564 3184 studuerit
601 3104 767 3213 publicae
799 3105 908 3181 Pacis
943 3105 1057 3182 causa
1089 3103 1308 3181 amicitiam

159 3244 296 3297 eorum
315 3236 357 3295 et
375 3216 598 3295 societatem
619 3216 820 3324 pristinam
841 3214 1052 3293 retinuisse.

241 3328 362 3409 Datis
380 3327 428 3408 ab
447 3326 552 3408 Alba
572 3330 680 3408 Aula
699 3327 808 3435 Julii
826 3352 892 3431 29.
921 3330 968 3408 16
974 3353 1040 3433 52.

551 3440 779 3548 Subscripsit
799 3439 971 3517 Concilii
993 3440 1171 3519 Nomine
1191 3457 1308 3548 atque

626 3551 878 3632 Authoritate
901 3552 1052 3656 Corfilii
1070 3551 1227 3657 Praests.

460 3911 531 3991 Ad
547 3913 733 4016 Legatum
754 3906 1007 4018 Hfitanicum.

245 4086 581 4167 Excellentiffime
603 4085 794 4176 Domine,

256 4213 441 4293 Oncilium
455 4214 602 4304 Status,
614 4210 893 4290 deliberatione
907 4208 1040 4288 habita
1051 4209 1099 4288 de
1116 4209 1182 4288 illa
1198 4207 1311 4293 char·

159 4456 327 4563 accepit,
356 4474 442 4536 tum
469 4456 589 4534 etiam
617 4455 664 4533 de
692 4453 757 4530 itta
784 4480 904 4560 quam
933 4452 973 4530 in
1000 4448 1159 4531 Concilio
1182 4448 1317 4529 Status
