2956 4980
186 261 263 340 144
588 225 715 318 Artis
740 226 924 356 Logicae
1123 229 1230 328 Lih.
1252 273 1293 329 2.

237 404 418 510 Negatus
434 403 531 482 item
547 400 722 512 specialis
737 402 794 481 est
808 402 957 512 duplex
971 435 981 500 3
1006 405 1168 513 quintus
1183 426 1225 488 et
1243 407 1329 488 sex-

179 536 255 597 tus.
316 515 637 627 Qntus„cujus
657 515 870 625 propositio
889 516 945 596 est
969 519 1238 626 particularis:
1270 541 1328 613 ut,

175 628 322 738 quidam
323 628 469 736 stultus
480 656 550 708 non
568 627 617 735 ιβ
625 627 880 735 fortunatus:
902 629 1162 737 omnisstultus
1180 632 1329 740 ιβιοιι·

175 759 358 850 temptus,·
379 769 466 848 ergo
485 738 631 851 quidam
651 737 964 848 contemptus[non
983 740 1031 848 ιβ
1035 744 1283 850 fortunatus.

232 857 387 948 Sextus,
419 852 528 959 cujus
552 853 765 962 propositio
788 852 844 948 esl
868 856 1085 960 generalis:
1117 875 1175 949 ut,
1182 857 1329 963 stultus

174 996 244 1047 non
272 967 320 1075 ιβ
347 966 503 1047 heatus:
542 964 689 1075 quidam
710 964 856 1072 stultus
891 965 1186 1074 sslsortunatus
1197 999 1212 1063 ,·
1242 998 1328 1077 ergo

172 1077 320 1189 quidam
324 1078 555 1184 fortunatus
575 1106 644 1157 non
663 1076 712 1186 est
733 1075 876 1157 heatus.

231 1191 395 1299 Reliqui
414 1189 663 1299 duoproprii
680 1186 891 1282 sunt,ci1m
911 1192 1144 1300 exemplum
1164 1192 1220 1272 est
1241 1193 1326 1302 spe·

97 1385 100 1389 .
173 1302 252 1383 cies
278 1301 546 1412 specialissima
570 1302 646 1380 five
672 1301 935 1381 individuum.
995 1305 1229 1384 Affirmatus
1256 1305 1325 1399 est,

173 1417 345 1495 Socrates
362 1415 410 1524 ιβ
430 1413 691 1521 Philosophus:
722 1415 895 1493 Socrates
913 1413 962 1521 ιβ
979 1416 1103 1507 homo,·
1132 1444 1220 1523 ergo
1243 1418 1325 1527 qui·

170 1526 255 1608 dam
273 1530 371 1607 homo
389 1526 437 1636 ιβ
456 1525 705 1634 Philosophus.
766 1526 947 1633 Negatus
966 1526 1035 1623 est,
1058 1524 1244 1632 Thersites
1258 1558 1325 1608 non

170 1639 220 1748 ιβ
240 1640 502 1748 Philosophus:
535 1635 721 1744 Therfites
737 1637 786 1747 ιβ
804 1638 903 1718 homo
913 1668 928 1730 ;
957 1667 1044 1747 ergo
1063 1639 1210 1750 quilam
1228 1641 1325 1721 horno

171 1780 241 1832 non
260 1752 308 1859 ιβ
329 1749 581 1860 Philosophus.

228 1864 430 1944 contracti
446 1861 660 1970 syllogismi
673 1862 753 1942 duo
769 1863 864 1943 vitia
878 1862 957 1943 five
974 1861 1209 1973 sophismata
1223 1865 1324 1960 sunt,

171 2003 257 2083 quae
277 1975 505 2055 definitione
525 1994 805 2084 praecaventur.
844 1976 1000 2069 Unum,
1020 1976 1048 2055 fi
1068 1975 1230 2084 quaestio
1250 1978 1325 2057 five

169 2087 364 2168 concluso
383 2088 628 2196 particularis
647 2115 725 2166 non
747 2087 816 2166 s1t:
848 2105 907 2180 ut,
931 2087 1044 2167 omnir
1065 2089 1164 2169 homo
1188 2089 1324 2197 estm-

168 2199 316 2279 tionalis
329 2233 343 2279 .·
373 2200 485 2279 omnt‘s
506 2201 603 2279 homo
627 2198 676 2307 ιβ
701 2198 844 2279 animal
849 2229 863 2290 ,·
895 2227 981 2307 ergo
999 2228 1098 2281 omne
1115 2199 1326 2309 animales

168 2312 366 2406 rationale,
387 2313 486 2392 ratio
505 2312 576 2405 est,
603 2312 697 2420 quia
720 2310 761 2391 id
785 2310 892 2418 quod
912 2338 991 2391 non
1010 2313 1245 2420 generaliter
1263 2333 1323 2393 at·

168 2425 355 2504 tribuitur
372 2424 413 2502 in
433 2423 692 2533 assumptione
718 2423 814 2530 (non
834 2424 942 2503 enim
962 2452 1081 2504 omne
1099 2425 1249 2506 animal
1269 2426 1325 2506 est

169 2532 309 2641 homo)
331 2563 409 2614 non
430 2534 646 2644 potestesse
666 2535 846 2641 generale
867 2534 1081 2641 subjesium
1103 2536 1322 2618 conclusio-

169 2646 242 2726 nis.
302 2648 487 2726 Alterum
513 2647 583 2742 est,
615 2643 711 2726 cirm
741 2647 949 2755 assumptio
975 2648 1031 2727 est
1064 2669 1229 2756 negata:
1261 2669 1321 2744 ut,

167 2757 267 2838 homo
285 2758 334 2866 ιβ
352 2759 511 2839 animal:
532 2760 629 2839 homo
648 2787 717 2839 non
736 2759 784 2867 ιβ
802 2757 938 2868 bestias
958 2788 1044 2867 ergo
1061 2759 1172 2871 ὧςβὶι
1186 2763 1324 2869 nonest

166 2871 318 2951 anzinal.
378 2873 478 2980 Qae
497 2872 576 2951 duo
596 2869 831 2978 sophismata
846 2873 887 2950 in
903 2877 1100 2953 contrahis
1112 2872 1230 2980 hujus
1246 2874 1321 2982 syl-

167 2982 324 3091 logismi
345 2980 486 3077 forma,
515 2982 682 3076 facilius,
710 3004 754 3063 ut
773 2981 985 3092 supsidixi,
1006 2986 1261 3093 deteguntur,
1282 3005 1323 3066 et

52 3182 59 3201 ‚
165 3098 296 3204 primo
313 3095 443 3175 slatim
464 3097 609 3174 intuitu
626 3095 823 3175 ridentur:
845 3112 904 3189 ut,
919 3124 1018 3176 omne
1035 3097 1181 3177 animal
1191 3099 1243 3207 ιβ
1256 3127 1322 3177 ra-

166 3208 314 3302 tionale,
328 3225 371 3286 ut
382 3209 499 3288 homo:
520 3204 685 3316 quaedam
704 3205 815 3317 hestia
828 3236 897 3288 non
912 3207 962 3315 ιβ
979 3208 1131 3303 animal,
1147 3227 1193 3290 ut
1204 3212 1318 3291 homo.

241 3608 367 3687 CAP.
396 3609 471 3688 ΧΙ.
504 3610 569 3689 1)ι
589 3607 724 3693 Primo
728 3608 853 3717 specie
857 3607 1064 3718 syllogsmi
1063 3610 1249 3722 fimplicis

646 3720 835 3829 explicati.

216 3979 217 3982 Ἴ
261 3938 298 3986 ἦ
373 3893 617 4002 Yllogismus
629 3894 847 4003 explicatus
864 3911 1001 4005 praeter
1020 3895 1150 4006 ipsum
1169 3924 1318 3978 nomen

218 4070 238 4111 o
267 4047 280 4088 t
401 4008 518 4086 aliam
534 4005 804 4086 definitionem
821 4034 899 4086 non
920 4007 1121 4089 desiderat.
1155 4009 1318 4090 Dicitur

239 4105 261 4145 ³
276 4208 277 4211 Ἴ
302 4123 358 4247 ‘43
401 4119 620 4228 explicatus,
642 4144 719 4198 non
743 4119 850 4227 quod
870 4118 1023 4229 semper
1041 4121 1228 4202 omnibus
1247 4148 1317 4202 oc·

230 4228 352 4284 *W*
401 4251 532 4309 currat
559 4231 734 4340 partibus
764 4230 998 4340 explicatus,
1025 4231 1076 4312 sic
1104 4233 1216 4313 enim
1245 4236 1315 4312 vix

160 4340 390 4422 millesrmus
419 4341 584 4450 quisque
614 4342 858 4450 syllogismus
886 4346 1072 4436 occurrit,
1107 4342 1173 4425 sed
1204 4347 1314 4455 quod

159 4475 287 4563 partes
307 4479 385 4531 non
413 4456 534 4534 modo
553 4455 594 4532 in
619 4453 746 4535 forma
769 4457 936 4562 integra,
962 4451 1102 4537 versun
1125 4457 1313 4539 etiam-in

159 4563 453 4671 enthymemate
473 4565 626 4675 semper
645 4567 843 4647 distinctas
862 4566 993 4647 habet.
