2956 4980
372 225 661 323 Prolufiones
687 229 927 324 Oratoriae.
1147 270 1228 353 447

78 412 212 493 Vultis
240 413 412 492 summos
433 414 708 521 Imperatores,
728 432 768 492 et
788 415 934 520 Reges,
963 434 1003 494 et
1028 413 1148 496 fortes
1167 419 1227 497 vi-

80 526 170 605 ros?
228 527 411 635 Accipite
440 526 637 618 Periclem,
667 525 968 632 Epaminondam,
998 528 1227 634 Agefilaam,

77 657 119 717 ct
139 637 354 746 Philippum
375 636 625 730 Macedonem,
645 665 742 744 quos
763 636 825 741 (ut
848 638 1013 717 Gelliano
1038 667 1147 719 more
1168 642 1228 722 lo-

78 749 195 856 quar)
218 749 473 829 festivitatum
490 769 529 828 et
550 747 645 828 falsie
665 750 861 829 distorum
882 749 1052 830 scatuiffe
1073 781 1229 833 memo·

80 880 168 939 rant
199 860 414 940 Historici:
446 862 512 940 Ad
544 861 615 941 hos
645 860 776 940 Caium
805 862 979 956 Laelium,
1010 863 1110 943 Pub.
1138 867 1226 945 Cor.

80 973 296 1081 Scipionem,
318 973 469 1052 Cneium
490 972 715 1081 Pompeium,
731 975 777 1052 C.
794 972 890 1080 Jul
873 1003 946 1054 ram
965 993 1005 1052 et
1028 977 1229 1057 Oiiavium

82 1085 266 1191 Casuras,
286 1114 384 1193 quos
404 1084 445 1162 in
466 1083 541 1164 hoc
561 1111 703 1191 genere
728 1084 911 1164 omnibus
931 1087 1141 1195 praestitisse
1160 1117 1229 1169 co·

80 1198 234 1276 aetaneis
254 1195 395 1276 author
414 1196 469 1275 est
488 1197 551 1275 M
576 1193 734 1276 Tullios.
785 1198 917 1277 Vultis
937 1197 1065 1280 adhuc
1084 1201 1231 1307 majora

82 1310 270 1388 nomina?
305 1309 434 1418 ipsum
464 1309 584 1387 etiam
617 1308 754 1416 Jovem
789 1308 1034 1417 reliquosque
1067 1314 1231 1394 Coelites

83 1422 185 1499 inter
204 1422 337 1530 epulas
358 1439 396 1500 et
416 1421 557 1528 pocula
572 1420 811 1549 jucunditati
832 1419 868 1499 se
888 1421 1021 1502 dantes
1040 1424 1233 1506 inducunt

86 1533 216 1612 Poetae
248 1532 477 1641 sagaciffimi
511 1534 682 1612 veritatis
717 1532 1022 1614 adumbratores.
1094 1536 1232 1617 Vestra

83 1645 265 1738 demum,
284 1643 531 1773 Academici,
551 1663 637 1723 utar
657 1646 777 1725 tutela
806 1663 845 1724 et
871 1648 1104 1754 patrocinio,
1126 1650 1232 1756 quod

86 1755 189 1836 mihi
208 1759 282 1837 erit
305 1759 487 1837 omnium
506 1756 695 1850 adinstar;
728 1758 876 1866 quippe
900 1785 1020 1865 quam
1048 1787 1128 1838 non
1154 1760 1230 1840 dis-

85 1870 258 1978 pliceant
288 1868 398 1948 vobis
431 1867 524 1948 sales
553 1888 593 1947 et
617 1868 768 1973 joculi;
811 1869 957 1948 indicat
988 1869 1074 1950 satis
1105 1891 1234 1954 tantus

86 1980 205 2061 hodie
225 1982 396 2061 vestrum
423 1979 546 2060 fastus
573 1979 793 2074 concursus,
813 1999 853 2060 et
880 1979 956 2060 hoc
982 1981 1068 2061 sane
1088 2010 1235 2064 unum·

85 2093 272 2202 quodque
298 2111 418 2202 caput
448 2090 551 2172 mihi
575 2120 744 2172 annuere
772 2093 949 2188 videtur;
981 2122 1053 2173 nec
1085 2099 1235 2177 mirum

87 2206 143 2285 est
162 2204 359 2285 mehercle
379 2204 517 2285 sestam
538 2202 639 2283 hanc
658 2223 699 2283 et
717 2205 951 2284 mundulam
971 2207 1234 2313 urbanitatem

86 2345 224 2398 omnes
251 2317 408 2427 probos,
435 2316 627 2424 srmulque
654 2317 777 2395 claros
808 2317 910 2396 viros
942 2316 991 2394 fic
1026 2318 1234 2418 oblectare,

88 2457 183 2508 cum
204 2451 243 2508 et
261 2428 342 2537 ipsa
358 2431 458 2508 inter
474 2427 692 2538 splendidos
705 2430 897 2507 virtutum
914 2428 997 2506 Ari
1022 2430 1235 2511 otelicarum

89 2542 244 2622 ordines
265 2541 442 2621 sublimis
462 2540 602 2633 sedeat,
616 2562 655 2619 et
674 2540 782 2619 velut
802 2541 842 2618 in
857 2543 1041 2620 Panthao
1061 2544 1233 2650 quodam

90 2654 197 2733 Diva
216 2681 309 2733 cum
326 2654 441 2732 Divis
458 2653 659 2732 Sororibus
678 2652 883 2731 colluceat.
945 2654 1019 2733 Sed
1039 2651 1140 2734 sorte
1157 2684 1236 2736 non

90 2765 228 2844 desunt
260 2765 421 2873 quidam
455 2766 610 2858 Barbati
643 2764 827 2872 Magistri
863 2764 990 2844 tetrici
1022 2767 1170 2874 oppido
1197 2786 1237 2847 et

91 2878 285 2971 difficiles,
305 2879 374 2985 qui
394 2877 431 2956 se
452 2905 615 2986 magnos
636 2879 806 2969 Catones,
828 2876 975 2955 nedum
996 2878 1238 2960 Catunculos

92 3009 287 3099 putantes,
320 2990 431 3069 vultu
463 2988 510 3067 ad
544 2989 785 3069 severitatem
818 2987 977 3068 Stoicam
1007 2992 1238 3099 compofito,

91 3102 246 3211 obstipo
266 3120 445 3181 nutantes
464 3102 592 3211 capite
612 3102 727 3180 anxie
748 3119 959 3208 querantur
982 3103 1115 3181 omnia
1135 3131 1239 3182 nunc

91 3216 247 3295 dierum
276 3213 537 3307 commisceri,
558 3232 597 3292 et
623 3215 663 3291 in
691 3213 860 3291 deterius
887 3214 1055 3321 perverti
1083 3233 1123 3293 et
1151 3214 1239 3295 loco

93 3328 278 3406 Priorum
305 3326 388 3404 Ari
413 3327 515 3406 otelis
545 3324 634 3404 ab
624 3325 784 3404 initiatis
818 3352 950 3404 recens
980 3324 1240 3407 baccalaureis

93 3438 433 3548 exponendorum,
466 3438 679 3517 scommata
704 3455 744 3515 et
768 3437 900 3515 inanes
932 3463 1054 3543 nugas
1084 3440 1240 3519 invere-

93 3550 222 3630 cunde
255 3570 295 3630 et
328 3550 643 3689 intempestive]
635 3548 786 3641 ιᾶιιιὶ;
818 3547 1055 3629 hodiernum
1082 3579 1241 3659 quoque

94 3663 332 3742 exercitium
363 3691 384 3740 a
414 3577 643 3767 majoribusJ
658 3660 794 3739 nostris
819 3661 895 3739 fine
919 3661 1041 3741 dubio
1073 3668 1175 3743 reite
1201 3683 1242 3743 et

95 3775 263 3854 fideliter
297 3773 519 3855 institutum
557 3775 609 3853 ob
640 3773 832 3879 insignem
866 3773 1055 3880 aliquem,
1088 3775 1210 3852 five
1199 3803 1241 3854 ιιι

95 3885 325 3978 Rhetorica,
347 3886 453 3964 five
442 3913 482 3965 m
498 3884 748 3993 Philosophia
767 3882 940 3963 frustum
959 3884 1049 3961 inde
1069 3886 1242 3994 percipi-

96 3999 261 4092 endum,
283 4025 388 4076 nunc
408 4026 533 4107 nuper
554 3999 593 4075 in
622 3995 805 4104 infipidos
826 3994 918 4074 sales
939 4023 1144 4104 perperam
1165 3997 1244 4077 im-

95 4112 255 4191 mutari.
315 4111 372 4189 At
391 4136 483 4189 vero
506 4107 567 4188 his
586 4108 692 4216 quod
718 4106 992 4215 respondeatur
1011 4107 1059 4186 ad
1079 4137 1244 4189 manum

96 4222 199 4304 mihi
226 4223 295 4316 est,
316 4240 356 4300 et
383 4223 422 4300 in
450 4222 678 4330 procinctu3
711 4220 841 4298 Sciant
867 4220 975 4298 enim
1002 4219 1076 4313 illi,
1104 4222 1131 4300 fi
1159 4222 1245 4301 nes-

95 4337 216 4428 ciant,
246 4335 410 4426 Literas,
438 4361 531 4413 cum
560 4333 665 4438 leges
694 4331 867 4440 Reipub.
897 4331 1031 4410 nostrae
1050 4332 1248 4413 Literariae

95 4450 273 4558 primum
294 4445 413 4524 essent
434 4446 531 4538 latae,
553 4444 601 4523 ab
622 4445 765 4522 exteris
787 4443 1011 4549 regionibus
1032 4445 1097 4522 vix
1120 4444 1186 4524 has
1208 4447 1248 4524 in
