2956 4980
163 262 249 341 404
470 220 684 356 Epistolae
712 220 994 318 Familiares.

162 399 280 479 illum
299 399 347 478 iis
366 399 407 477 in
427 399 522 479 locis
551 401 708 508 expeti:
740 425 865 476 unum
894 396 1100 505 exemplar
1128 395 1315 473 duntaxat

164 510 276 589 mifi:
308 508 510 620 rescripfit,
527 512 718 620 placitum
735 509 809 588 effe
828 509 982 617 aliquot
996 509 1139 600 dostis,
1156 501 1314 613 quibus·

164 649 258 701 cum
278 624 653 716 communicaverat,
674 640 718 700 ut
738 619 839 701 nihil
858 620 985 731 supra.
1045 619 1137 700 Nisi
1162 619 1210 696 iis
1235 642 1315 694 rem

165 752 318 842 gratam
347 732 544 815 factunm
574 762 638 813 me
662 731 773 812 fuisse
799 731 1092 824 existimassem,
1122 726 1316 838 parfiffem

166 848 304 954 utique
324 864 364 924 et
382 866 451 926 tuo
470 847 579 926 oneri
600 865 639 925 et
658 845 833 954 sumptui
852 873 958 925 meo.
1017 845 1192 936 Verum,

277 1020 324 1100 Si
337 1038 374 1100 te
378 1019 491 1128 forte
509 1048 597 1099 meae
612 1019 750 1126 graot's
767 1018 1018 1126 uretstzrcina
1036 1017 1201 1109 charta,

278 1129 446 1236 Abjicito
457 1131 598 1242 potius,
619 1161 742 1241 quam,
762 1160 831 1241 quo
842 1131 1019 1241 perferre
1025 1127 1194 1234 juberis,

279 1243 451 1323 Clitellas
454 1244 574 1353 ferus
592 1243 788 1354 impingas.

165 1402 379 1482 Laurentio
393 1402 536 1495 nostro,
554 1423 598 1484 ut
604 1403 757 1510 jussisti,
773 1403 937 1482 salutern
954 1401 1115 1480 nomine
1132 1419 1204 1480 tuo
1215 1398 1315 1477 dixi:

164 1513 389 1608 decaetero,
417 1513 519 1594 nihil
545 1515 602 1594 est
628 1517 735 1624 quod
758 1514 825 1594 abs
848 1534 887 1594 te
910 1515 1017 1623 prius
1049 1514 1132 1620 agi,
1166 1509 1317 1619 priusve

165 1652 300 1704 curare
321 1628 457 1720 velim,
484 1655 604 1734 quam
626 1646 670 1706 ut
689 1646 732 1706 tu
752 1646 871 1734 atque
893 1627 1077 1706 alumnus
1101 1643 1195 1704 tuus
1220 1624 1317 1702 redte

165 1736 339 1831 valeatis,
355 1758 617 1848 votorumque
637 1758 841 1847 compotes
860 1740 909 1818 ad
929 1764 998 1817 nos
1017 1737 1317 1845 quamprimum

167 1850 343 1931 redeatis.

254 1959 574 2070 Wessmonasterio,
597 1962 764 2042 Calend.
787 1960 924 2041 Sextil.
953 1962 1071 2067 1657.

299 2272 322 2325 2
328 2271 366 2354 ς.
399 2246 531 2328 Nobili
546 2247 781 2356 Adolescenti
798 2249 1000 2329 Richardo
1019 2246 1195 2354 Jonesro.

170 2407 464 2599 COnfeciffe
484 2430 522 2490 te
547 2411 624 2490 fine
647 2411 903 2492 incommodo
929 2431 1010 2492 tam
1033 2410 1204 2517 longum
1230 2409 1317 2501 iter,

289 2538 329 2599 et
347 2519 483 2628 spretis
503 2524 746 2603 Lutetiarum
765 2524 974 2617 illecebris,
995 2541 1100 2602 tanta
1119 2521 1318 2601 celeritate

167 2628 216 2708 eb
235 2633 488 2727 contendisse,
513 2634 582 2714 ubi
606 2635 759 2714 literato
785 2638 882 2729 otio,
911 2636 1200 2740 doctorumque
1223 2659 1319 2712 con-

168 2739 370 2822 suetudine
392 2742 470 2824 frui
489 2746 619 2854 possis,
643 2765 683 2826 et
706 2774 944 2855 magnopere
972 2746 1092 2839 laetor,
1117 2764 1157 2825 et
1182 2763 1222 2824 te
1247 2763 1320 2824 tuae

169 2854 312 2936 indolis
325 2854 457 2936 laudo.
500 2858 589 2937 Illic
601 2860 731 2965 quoad
747 2877 783 2937 te
799 2858 1017 2938 continebis
1033 2859 1073 2936 in
1089 2875 1208 2965 portu
1222 2856 1319 2950 eris;

171 2968 299 3074 Syrtes
313 2985 352 3047 et
370 2968 552 3077 Scopulos,
574 2989 614 3048 et
630 2970 799 3050 Sirenum
818 2991 955 3050 cantus
973 2970 1067 3048 alias
1087 2968 1161 3048 tibi
1180 2994 1323 3046 caven·

169 3078 281 3157 dum.
343 3083 455 3189 Qin
474 3101 514 3161 et
529 3082 785 3175 vindemiam,
802 3084 880 3190 qud
894 3082 1088 3162 obleetare
1103 3100 1142 3160 tc
1158 3083 1324 3187 cogitas,

169 3190 451 3298 Salmurienstm
471 3194 641 3272 nimium
660 3193 761 3273 fitire
782 3212 820 3273 te
850 3195 990 3287 nolim,
1021 3194 1092 3272 nifi
1121 3193 1163 3269 in
1186 3192 1322 3269 animo

169 3303 404 3408 quoquest,
427 3305 601 3384 mustum
621 3305 719 3385 illud
745 3305 881 3385 Liberi
903 3305 1085 3385 liberiore
1111 3301 1322 3381 Musarum

169 3412 284 3491 latice
300 3416 438 3520 quinta
454 3417 539 3522 plus
552 3437 661 3524 parte
677 3417 841 3496 diluere.
900 3418 1053 3496 Verum
1073 3415 1120 3493 ad
1142 3412 1241 3506 haec,
1257 3441 1323 3492 me

171 3524 292 3600 etiam
315 3543 480 3619 tacente,
503 3524 745 3608 hortatorem
773 3527 892 3607 habes
919 3530 1130 3619 eximium,
1153 3525 1325 3633 quemsi

171 3634 296 3727 audis,
322 3634 478 3715 tibimet
501 3637 679 3744 profesto
698 3641 850 3749 optime
879 3639 1130 3730 consulueris,
1158 3656 1199 3717 et
1224 3665 1323 3745 prae-

172 3744 440 3825 stantislimam
461 3768 663 3856 parentem
683 3770 792 3831 tuam
812 3753 968 3831 summo
984 3752 1143 3858 gaudi0,
1163 3768 1204 3829 et
1223 3748 1325 3828 cres-

172 3877 284 3938 cente
305 3860 430 3939 indies
453 3888 585 3941 amore
616 3864 674 3942 tui
703 3864 892 3944 affeceris.
954 3863 1075 3974 Qod
1105 3862 1165 3941 uti
1195 3859 1324 3940 facere

174 3970 303 4077 possis,
335 3969 356 4049 ὲ
390 3974 494 4052 Deo.
530 3975 630 4082 Opt.
664 3976 779 4054 Max.
814 3994 946 4083 petere
981 3973 1159 4082 quotidie
1190 3971 1322 4051 debes.

174 4080 288 4173 Vale,
302 4101 341 4160 et
355 4082 403 4161 ad
417 4112 485 4164 nos
501 4112 622 4192 quam
636 4088 825 4195 optimus,
839 4085 1025 4196 bonisque
1041 4086 1188 4165 artibus
1201 4111 1325 4191 quam

173 4192 419 4287 cultislimus,
445 4194 506 4275 fac
532 4200 688 4278 redeas:
720 4201 760 4277 id
786 4196 889 4277 mihi
914 4217 1052 4308 praeter
1077 4215 1235 4277 caeteros
1257 4223 1324 4300 Ju-

173 4303 453 4384 eundiffimum
474 4308 561 4385 erit.

261 4416 407 4519 Wsssm.
432 4418 597 4498 Calend.
620 4419 758 4498 Sextil.
786 4421 906 4526 1657.
