2956 4980
94 233 211 368 Cap.
240 253 310 334 26.
405 233 595 333 Plenior
619 228 867 332 Institutio.
1156 247 1205 354 83

55 435 185 489 cerone
204 439 277 520 pro
299 414 499 507 Murano,
526 412 687 518 objectis
713 431 877 520 utraque
898 408 1207 519 distinguuntur,

56 548 137 601 non
165 523 310 620 cautis3
345 522 514 633 iddoque
533 528 582 604 ad
605 552 692 635 cap.
722 524 789 604 28.
819 525 867 603 ad
891 522 1208 602 distributionem

55 659 203 743 nempe
222 632 244 716 ὲ
265 635 459 743 subjectu,
479 637 527 718 ad
547 665 668 747 quam
693 638 814 716 etiam
834 634 1021 746 praemiffa
1046 634 1114 713 illa
1136 661 1206 712 an·

54 747 208 826 notatio
227 746 276 828 de
296 750 366 829 usu
386 751 570 861 pertinet.

110 859 326 966 Quinetiam
344 862 459 942 aliter
476 864 674 942 tradatur
691 861 757 942 hoc
775 857 989 966 argumenti
999 886 1131 966 genus,
1145 857 1213 936 vel

51 966 78 1048 d
89 969 273 1079 partibus
289 972 344 1055 ad
356 992 489 1069 totum,
508 970 611 1055 veld
630 991 704 1052 toto
723 971 929 1081 adportes.
1135 1034 1155 1057 .

110 1082 205 1163 Hac
221 1084 270 1164 de
284 1115 325 1165 re
338 1087 569 1196 Arssotelen
588 1082 677 1195 Top.
700 1086 739 1163 6.
758 1085 797 1162 6.
830 1084 1003 1191 Regulus
1016 1079 1203 1191 quasdam

51 1194 186 1274 tradit.
218 1197 355 1278 Primo
375 1194 398 1277 ὲ
415 1197 614 1308 partibus:
645 1196 841 1304 rrffirmatis
849 1195 1028 1304 partibus
1046 1193 1203 1287 cunblis,

48 1304 424 1412 ‹firmaturtotums
454 1331 494 1391 et
510 1306 645 1392 contri
657 1339 668 1403 ;
682 1308 849 1415 sublatis
857 1305 1203 1418 partibuscunbiis,

46 1419 274 1502 tollr’totum.
306 1424 409 1503 Item
425 1423 473 1503 ab
495 1451 570 1503 una
589 1440 722 1530 parte:
755 1450 830 1501 una
839 1417 1133 1528 purtestrblata,
1145 1435 1203 1496 to-

46 1545 130 1610 tum
147 1532 243 1613 tolli.
288 1537 469 1616 Secundo
489 1532 511 1615 ‘a
534 1554 617 1616 toto
642 1535 689 1613 ad
713 1552 865 1642 partes:
896 1549 970 1611 toto
993 1530 1202 1621 affirmat0,

44 1642 439 1757 rffmanturpartes.
470 1644 625 1728 Verum
640 1645 723 1725 haec
735 1645 868 1724 omnia
884 1671 934 1722 ex
949 1642 1016 1723 illa
1032 1643 1204 1751 recipro-

46 1757 213 1837 cationis
227 1761 361 1866 regula
376 1760 583 1871 superioris
599 1759 736 1867 capitis
752 1758 866 1837 initio
880 1756 1020 1837 tradita
1035 1753 1120 1834 satis
1140 1754 1203 1832 in·

46 1867 296 1977 telliguntur.
333 1873 446 1953 Nam
460 1900 548 1981 quae
559 1872 864 1979 reciprocantur,
881 1897 1020 1949 eorum
1034 1867 1203 1946 alterum

44 1981 248 2062 exaltem
273 1984 440 2064 viciffim
467 2004 508 2065 et
530 1980 739 2063 neceffarib
770 1980 960 2060 affirmati:
991 1999 1031 2059 et
1061 1977 1210 2088 negatb·

44 2093 312 2175 concluditur.
359 2098 454 2177 Hoc
469 2093 578 2190 verb,
599 2116 644 2175 ut
663 2094 878 2200 Arssoteles
896 2094 1016 2173 etiam
1036 2092 1200 2185 notavit,

42 2230 128 2284 non
148 2203 345 2316 sequitur3
376 2208 524 2289 sublato
545 2210 713 2314 integro,
734 2225 861 2315 partes
882 2205 1086 2286 tolluntur.

103 2318 323 2428 Utriusque
353 2322 507 2429 generis
532 2321 694 2429 (nempe
715 2318 984 2397 affirmationis
1011 2334 1051 2395 et
1081 2342 1201 2422 nega-

40 2428 167 2509 tionis
180 2427 204 2510 d
218 2432 394 2542 partibus
407 2434 456 2514 ad
469 2432 616 2541 totum)
632 2430 865 2540 exemplum
884 2427 1075 2509 habemus
1095 2424 1200 2536 apud

43 2541 258 2626 Catullum.

101 2702 437 2814 Qintiaformqstr
455 2707 504 2816 est
520 2709 674 2788 multis.-
703 2708 797 2788 mihi
812 2705 983 2800 candida,
1001 2704 1125 2811 longa,

162 2819 283 2897 Reda
301 2817 376 2925 est:
405 2821 485 2901 haec
504 2820 796 2929 egoflcſsngula
815 2819 986 2926 cofiteor
998 2848 1013 2896 .·

106 2923 242 3009 Totum
261 2929 368 3026 illud,
370 2930 554 3038 formosa,
571 2962 673 3040 nego.
710 2935 815 3012 Nam
834 2932 940 3011 nulla
958 2926 1141 3036 venustas,

162 3041 288 3121 Nulla
306 3043 345 3123 in
363 3061 442 3124 tam
459 3072 590 3153 magno
609 3046 658 3154 est
676 3062 825 3153 corpore
843 3042 938 3123 mica
942 3040 1053 3146 salis.

102 3149 240 3262 Lesbia
243 3153 414 3263 formosa
431 3156 507 3265 est:
537 3186 621 3266 quae
640 3155 722 3237 cum
734 3154 992 3266 pulcherrima
1011 3168 1091 3232 tota
1110 3149 1172 3259 est,

162 3261 259 3347 Tum
276 3266 438 3349 omnibus
457 3297 532 3349 una
551 3299 667 3350 omnes
671 3267 868 3380 surrpuit
888 3294 1052 3346 veneres.

101 3428 176 3510 Est
194 3450 235 3511 et
253 3432 329 3512 alia
347 3431 569 3513 distributio
589 3462 639 3512 ex
659 3432 780 3513 causis
800 3451 840 3511 et
864 3427 1007 3510 meritb
1033 3426 1198 3537 quidem

37 3541 318 3652 imperfectior
334 3545 452 3639 dicta,
472 3541 565 3626 cbm
583 3564 758 3625 nontam
775 3543 891 3653 ipsius
908 3544 964 3622 rei
979 3539 1100 3651 quim
1116 3538 1198 3645 ejus

38 3655 250 3736 causarum
274 3655 497 3737 distributio
527 3658 597 3737 fit:
644 3676 688 3737 ut
711 3656 759 3737 ab
788 3656 996 3749 efficiente,
1021 3653 1198 3734 testimo-

41 3767 161 3848 nium
175 3769 233 3848 est
251 3767 433 3849 divinum
451 3770 515 3850 vel
533 3767 768 3849 humanum.
818 3770 882 3847 Sic
902 3768 1032 3848 statuae
1050 3783 1199 3845 veteres

41 3878 131 3960 aliae
150 3879 259 3961 fattae
277 3899 387 3961 erant
406 3879 602 3991 {Phydiu
616 3882 699 3962 aliae
718 3879 740 3960 ὲ
760 3880 959 3991 Polycleto,
980 3883 1056 3960 ἃς.
1106 3875 1198 3956 Dis-

42 3992 211 4073 tributio
230 3991 313 4074 haec
331 3994 510 4102 quaedam
530 3993 586 4075 est
602 3997 719 4074 totius
738 3994 778 4072 in
795 4012 944 4131 partes3
977 3989 1046 4071 ubi
1066 4009 1198 4069 tamen

43 4129 124 4183 non
146 4124 228 4185 tam
250 4125 379 4216 partes
405 4106 493 4215 ipsae
517 4126 718 4216 ponuntur
743 4133 864 4214 quam
891 4133 962 4214 pro
988 4105 1035 4184 iis
1062 4132 1199 4183 earum

43 4216 267 4314 efficientis,
284 4217 426 4326 quibus
445 4220 547 4299 inter
564 4217 599 4296 se
619 4218 927 4324 distinguuntur.
983 4218 1047 4296 Sic
1069 4215 1200 4294 statuae

43 4328 130 4409 aliae
141 4349 253 4410 erant
267 4359 404 4425 aureae,
422 4330 504 4410 aliae
520 4350 726 4438 argentee,
741 4330 825 4410 aliae
841 4357 965 4424 aeneae,
982 4329 1065 4408 aliae
1081 4327 1198 4405 ebur·

43 4466 140 4537 nere,
160 4445 237 4524 dcc.
269 4442 507 4524 Distributio
523 4443 579 4524 est
599 4471 649 4522 ex
670 4445 847 4522 materia.
880 4442 979 4521 Aliae
996 4442 1043 4521 ad
1064 4437 1198 4518 homi·
