<?xml version="1.0" encoding="UTF-8"?>
<!DOCTYPE html PUBLIC "-//W3C//DTD XHTML 1.0 Transitional//EN"
    "http://www.w3.org/TR/xhtml1/DTD/xhtml1-transitional.dtd">
<html xmlns="http://www.w3.org/1999/xhtml" xml:lang="en" lang="en">
 <head>
  <title>
</title>
<meta http-equiv="Content-Type" content="text/html;charset=utf-8" />
  <meta name='ocr-system' content='tesseract 3.04.00' />
  <meta name='ocr-capabilities' content='ocr_page ocr_carea ocr_par ocr_line ocrx_word'/>
</head>
<body>
  <div class='ocr_page' id='page_1' title='image "./worksjohnmilton06miltgoog_0100.png"; bbox 0 0 2956 4980; ppageno 0'>
   <div class='ocr_carea' id='block_1_1' title="bbox 158 234 1279 370">
    <p class='ocr_par' dir='ltr' id='par_1_1' title="bbox 158 234 1279 370">
     <span class='ocr_line' id='line_1_1' title="bbox 158 234 1279 370; baseline 0.002 -34"><span class='ocrx_word' id='word_1_1' title='bbox 158 239 277 370; x_wconf 84' lang='lat' dir='ltr'><strong>Cap.</strong></span> <span class='ocrx_word' id='word_1_2' title='bbox 302 274 373 361; x_wconf 84' lang='lat'><strong>27.</strong></span> <span class='ocrx_word' id='word_1_3' title='bbox 484 237 674 335; x_wconf 90' lang='lat' dir='ltr'>Plenior</span> <span class='ocrx_word' id='word_1_4' title='bbox 698 234 948 335; x_wconf 82' lang='lat' dir='ltr'><strong>Institutio</strong></span> <span class='ocrx_word' id='word_1_5' title='bbox 1228 253 1279 366; x_wconf 82' lang='lat'><strong>85</strong></span> 
     </span>
    </p>
   </div>
   <div class='ocr_carea' id='block_1_2' title="bbox 135 413 1290 3996">
    <p class='ocr_par' dir='ltr' id='par_1_2' title="bbox 136 413 1290 2849">
     <span class='ocr_line' id='line_1_2' title="bbox 138 413 1278 525; baseline 0.001 -31"><span class='ocrx_word' id='word_1_6' title='bbox 138 434 227 496; x_wconf 81' lang='lat' dir='ltr'><strong>cut.</strong></span> <span class='ocrx_word' id='word_1_7' title='bbox 264 441 301 495; x_wconf 91' lang='lat'><strong>1.</strong></span> <span class='ocrx_word' id='word_1_8' title='bbox 317 415 422 496; x_wconf 84' lang='lat' dir='ltr'><strong>Pars</strong></span> <span class='ocrx_word' id='word_1_9' title='bbox 432 443 516 525; x_wconf 83' lang='lat' dir='ltr'><strong>quae</strong></span> <span class='ocrx_word' id='word_1_10' title='bbox 524 415 657 523; x_wconf 85' lang='lat' dir='ltr'><strong>generi</strong></span> <span class='ocrx_word' id='word_1_11' title='bbox 651 413 791 523; x_wconf 85' lang='lat' dir='ltr'><strong>subest.</strong></span> <span class='ocrx_word' id='word_1_12' title='bbox 822 415 886 492; x_wconf 86' lang='lat' dir='ltr'><strong>Ex</strong></span> <span class='ocrx_word' id='word_1_13' title='bbox 900 413 1129 496; x_wconf 88' lang='lat' dir='ltr'><strong>definitione</strong></span> <span class='ocrx_word' id='word_1_14' title='bbox 1143 436 1278 498; x_wconf 86' lang='lat' dir='ltr'><strong>autem</strong></span> 
     </span>
     <span class='ocr_line' id='line_1_3' title="bbox 137 525 1275 637; baseline 0.003 -31"><span class='ocrx_word' id='word_1_15' title='bbox 137 526 277 633; x_wconf 69' lang='lat' dir='ltr'><strong>generis</strong></span> <span class='ocrx_word' id='word_1_16' title='bbox 303 527 566 636; x_wconf 86' lang='lat' dir='ltr'><strong>intelligimus</strong></span> <span class='ocrx_word' id='word_1_17' title='bbox 598 528 768 637; x_wconf 90' lang='lat' dir='ltr'><strong>speciem</strong></span> <span class='ocrx_word' id='word_1_18' title='bbox 799 525 987 631; x_wconf 90' lang='lat' dir='ltr'><strong>ejusmodi</strong></span> <span class='ocrx_word' id='word_1_19' title='bbox 1017 547 1170 636; x_wconf 87' lang='lat' dir='ltr'><strong>partem</strong></span> <span class='ocrx_word' id='word_1_20' title='bbox 1200 529 1275 609; x_wconf 82' lang='lat' dir='ltr'><strong>effe</strong></span> 
     </span>
     <span class='ocr_line' id='line_1_4' title="bbox 137 637 1276 746; baseline 0.003 -28"><span class='ocrx_word' id='word_1_21' title='bbox 137 638 231 746; x_wconf 84' lang='lat' dir='ltr'><strong>ujus</strong></span> <span class='ocrx_word' id='word_1_22' title='bbox 246 638 406 719; x_wconf 83' lang='lat' dir='ltr'><strong>effentia</strong></span> <span class='ocrx_word' id='word_1_23' title='bbox 424 641 649 720; x_wconf 85' lang='lat' dir='ltr'><strong>communis</strong></span> <span class='ocrx_word' id='word_1_24' title='bbox 664 640 705 718; x_wconf 91' lang='lat' dir='ltr'><strong>in</strong></span> <span class='ocrx_word' id='word_1_25' title='bbox 719 640 872 746; x_wconf 88' lang='lat' dir='ltr'><strong>generis</strong></span> <span class='ocrx_word' id='word_1_26' title='bbox 885 637 1165 745; x_wconf 88' lang='lat' dir='ltr'><strong>fignificatione</strong></span> <span class='ocrx_word' id='word_1_27' title='bbox 1179 669 1276 722; x_wconf 93' lang='lat' dir='ltr'><strong>con-</strong></span> 
     </span>
     <span class='ocr_line' id='line_1_5' title="bbox 137 750 1275 862; baseline 0.003 -33"><span class='ocrx_word' id='word_1_28' title='bbox 137 752 307 832; x_wconf 85' lang='lat' dir='ltr'><strong>ineatur.</strong></span> <span class='ocrx_word' id='word_1_29' title='bbox 368 752 575 861; x_wconf 86' lang='lat' dir='ltr'><strong>Propriam</strong></span> <span class='ocrx_word' id='word_1_30' title='bbox 605 770 739 831; x_wconf 89' lang='lat' dir='ltr'><strong>autem</strong></span> <span class='ocrx_word' id='word_1_31' title='bbox 773 750 976 830; x_wconf 81' lang='lat' dir='ltr'><strong>ellentiam</strong></span> <span class='ocrx_word' id='word_1_32' title='bbox 1010 750 1169 860; x_wconf 88' lang='lat' dir='ltr'><strong>species,</strong></span> <span class='ocrx_word' id='word_1_33' title='bbox 1204 782 1275 862; x_wconf 93' lang='lat' dir='ltr'><strong>per</strong></span> 
     </span>
     <span class='ocr_line' id='line_1_6' title="bbox 137 856 1274 973; baseline 0.001 -30"><span class='ocrx_word' id='word_1_34' title='bbox 137 892 243 972; x_wconf 73' lang='lat' dir='ltr'><strong>[uam</strong></span> <span class='ocrx_word' id='word_1_35' title='bbox 266 863 324 943; x_wconf 87' lang='lat' dir='ltr'><strong>est</strong></span> <span class='ocrx_word' id='word_1_36' title='bbox 350 863 391 943; x_wconf 93' lang='lat' dir='ltr'><strong>id</strong></span> <span class='ocrx_word' id='word_1_37' title='bbox 416 865 523 973; x_wconf 91' lang='lat' dir='ltr'><strong>quod</strong></span> <span class='ocrx_word' id='word_1_38' title='bbox 548 862 617 957; x_wconf 91' lang='lat' dir='ltr'><strong>est,</strong></span> <span class='ocrx_word' id='word_1_39' title='bbox 647 856 669 942; x_wconf 71' lang='lat' dir='ltr'><strong>l</strong></span> <span class='ocrx_word' id='word_1_40' title='bbox 691 864 851 972; x_wconf 84' lang='lat' dir='ltr'><strong>propria</strong></span> <span class='ocrx_word' id='word_1_41' title='bbox 875 860 1003 942; x_wconf 89' lang='lat' dir='ltr'><strong>forma</strong></span> <span class='ocrx_word' id='word_1_42' title='bbox 1028 861 1160 958; x_wconf 88' lang='lat' dir='ltr'><strong>habet,</strong></span> <span class='ocrx_word' id='word_1_43' title='bbox 1187 893 1274 973; x_wconf 86' lang='lat' dir='ltr'><strong>quae</strong></span> 
     </span>
     <span class='ocr_line' id='line_1_7' title="bbox 137 975 1273 1082; baseline 0.002 -27"><span class='ocrx_word' id='word_1_44' title='bbox 137 977 276 1079; x_wconf 66' lang='lat' dir='ltr'><strong>generis</strong></span> <span class='ocrx_word' id='word_1_45' title='bbox 296 975 577 1082; x_wconf 88' lang='lat' dir='ltr'><strong>fignificatione</strong></span> <span class='ocrx_word' id='word_1_46' title='bbox 597 977 765 1055; x_wconf 90' lang='lat' dir='ltr'><strong>minime</strong></span> <span class='ocrx_word' id='word_1_47' title='bbox 784 975 1023 1056; x_wconf 84' lang='lat' dir='ltr'><strong>continetur.</strong></span> <span class='ocrx_word' id='word_1_48' title='bbox 1068 977 1133 1056; x_wconf 90' lang='lat' dir='ltr'><strong>Sic</strong></span> <span class='ocrx_word' id='word_1_49' title='bbox 1151 979 1273 1057; x_wconf 89' lang='lat' dir='ltr'><strong>etiam</strong></span> 
     </span>
     <span class='ocr_line' id='line_1_8' title="bbox 137 1085 1274 1200; baseline 0.001 -32"><span class='ocrx_word' id='word_1_50' title='bbox 137 1088 282 1197; x_wconf 68' lang='lat' dir='ltr'><strong>drtstot.</strong></span> <span class='ocrx_word' id='word_1_51' title='bbox 304 1087 411 1169; x_wconf 78' lang='lat' dir='ltr'><strong>Phil.</strong></span> <span class='ocrx_word' id='word_1_52' title='bbox 432 1092 469 1195; x_wconf 58' lang='grc' dir='ltr'>ᾗ</span> <span class='ocrx_word' id='word_1_53' title='bbox 493 1112 557 1167; x_wconf 86' lang='lat'><strong>12.</strong></span> <span class='ocrx_word' id='word_1_54' title='bbox 604 1089 728 1168; x_wconf 84' lang='lat' dir='ltr'><strong>Genus</strong></span> <span class='ocrx_word' id='word_1_55' title='bbox 744 1115 815 1166; x_wconf 87' lang='lat' dir='ltr'><strong>non</strong></span> <span class='ocrx_word' id='word_1_56' title='bbox 833 1085 987 1167; x_wconf 85' lang='lat' dir='ltr'><strong>videtur</strong></span> <span class='ocrx_word' id='word_1_57' title='bbox 998 1089 1192 1197; x_wconf 87' lang='lat' dir='ltr'><strong>particeps</strong></span> <span class='ocrx_word' id='word_1_58' title='bbox 1210 1090 1274 1200; x_wconf 77' lang='lat' dir='ltr'><strong>effa</strong></span> 
     </span>
     <span class='ocr_line' id='line_1_9' title="bbox 137 1197 1274 1311; baseline 0.002 -31"><span class='ocrx_word' id='word_1_59' title='bbox 137 1198 444 1309; x_wconf 69' lang='lat' dir='ltr'><strong>&#39;afferentt&#39;carum</strong></span> <span class='ocrx_word' id='word_1_60' title='bbox 468 1198 593 1305; x_wconf 79' lang='lat' dir='ltr'><strong>fimul</strong></span> <span class='ocrx_word' id='word_1_61' title='bbox 612 1229 651 1280; x_wconf 84' lang='lat' dir='ltr'><strong>n.</strong></span> <span class='ocrx_word' id='word_1_62' title='bbox 677 1199 948 1279; x_wconf 85' lang='lat' dir='ltr'><strong>contrariorum</strong></span> <span class='ocrx_word' id='word_1_63' title='bbox 974 1197 1066 1279; x_wconf 78' lang='lat' dir='ltr'><strong>idem</strong></span> <span class='ocrx_word' id='word_1_64' title='bbox 1081 1201 1274 1311; x_wconf 85' lang='lat' dir='ltr'><strong>particeps</strong></span> 
     </span>
     <span class='ocr_line' id='line_1_10' title="bbox 137 1310 1272 1422; baseline 0.002 -30"><span class='ocrx_word' id='word_1_65' title='bbox 137 1312 222 1422; x_wconf 50' lang='grc' dir='ltr'><strong>[εἰς</strong></span> <span class='ocrx_word' id='word_1_66' title='bbox 237 1311 824 1421; x_wconf 59' lang='lat' dir='ltr'><strong>dfferentiaenaeontrariaestant.</strong></span> <span class='ocrx_word' id='word_1_67' title='bbox 852 1310 1095 1402; x_wconf 87' lang='lat' dir='ltr'><strong>Undcillud;</strong></span> <span class='ocrx_word' id='word_1_68' title='bbox 1117 1313 1272 1394; x_wconf 84' lang='lat' dir='ltr'><strong>Plusest</strong></span> 
     </span>
     <span class='ocr_line' id='line_1_11' title="bbox 137 1421 1273 1533; baseline 0.001 -29"><span class='ocrx_word' id='word_1_69' title='bbox 137 1423 302 1533; x_wconf 85' lang='lat' dir='ltr'><strong>ospecie</strong></span> <span class='ocrx_word' id='word_1_70' title='bbox 313 1421 435 1532; x_wconf 61' lang='lat' dir='ltr'><strong>qu‘am</strong></span> <span class='ocrx_word' id='word_1_71' title='bbox 448 1426 488 1504; x_wconf 91' lang='lat' dir='ltr'><strong>in</strong></span> <span class='ocrx_word' id='word_1_72' title='bbox 501 1451 662 1531; x_wconf 85' lang='lat' dir='ltr'><strong>genere:</strong></span> <span class='ocrx_word' id='word_1_73' title='bbox 684 1423 834 1503; x_wconf 92' lang='lat' dir='ltr'><strong>ctillud</strong></span> <span class='ocrx_word' id='word_1_74' title='bbox 849 1421 1056 1532; x_wconf 79' lang='lat' dir='ltr'><strong>Porphyrii</strong></span> <span class='ocrx_word' id='word_1_75' title='bbox 1064 1453 1078 1514; x_wconf 90' lang='lat'><em>;</em></span> <span class='ocrx_word' id='word_1_76' title='bbox 1099 1423 1273 1532; x_wconf 68' lang='lat' dir='ltr'><strong>dffren·</strong></span> 
     </span>
     <span class='ocr_line' id='line_1_12' title="bbox 137 1534 1272 1646; baseline 0 -30"><span class='ocrx_word' id='word_1_77' title='bbox 137 1536 175 1616; x_wconf 82' lang='lat' dir='ltr'><strong>ia</strong></span> <span class='ocrx_word' id='word_1_78' title='bbox 192 1535 333 1646; x_wconf 84' lang='lat' dir='ltr'><strong>estqua</strong></span> <span class='ocrx_word' id='word_1_79' title='bbox 335 1535 480 1646; x_wconf 85' lang='lat' dir='ltr'><strong>species</strong></span> <span class='ocrx_word' id='word_1_80' title='bbox 485 1535 648 1645; x_wconf 63' lang='lat' dir='ltr'><strong>stuperat</strong></span> <span class='ocrx_word' id='word_1_81' title='bbox 662 1563 792 1643; x_wconf 85' lang='lat' dir='ltr'><strong>genus.</strong></span> <span class='ocrx_word' id='word_1_82' title='bbox 851 1535 957 1614; x_wconf 90' lang='lat' dir='ltr'><strong>Tota</strong></span> <span class='ocrx_word' id='word_1_83' title='bbox 977 1534 1099 1641; x_wconf 89' lang='lat' dir='ltr'><strong>igitur</strong></span> <span class='ocrx_word' id='word_1_84' title='bbox 1118 1538 1272 1644; x_wconf 87' lang='lat' dir='ltr'><strong>generis</strong></span> 
     </span>
     <span class='ocr_line' id='line_1_13' title="bbox 137 1645 1272 1757; baseline 0.001 -30"><span class='ocrx_word' id='word_1_85' title='bbox 137 1647 278 1728; x_wconf 81' lang='lat' dir='ltr'><strong>ffentia</strong></span> <span class='ocrx_word' id='word_1_86' title='bbox 307 1649 468 1756; x_wconf 85' lang='lat' dir='ltr'><strong>fingulis</strong></span> <span class='ocrx_word' id='word_1_87' title='bbox 496 1648 696 1757; x_wconf 73' lang='lat' dir='ltr'><strong>aequaliter</strong></span> <span class='ocrx_word' id='word_1_88' title='bbox 726 1645 825 1727; x_wconf 91' lang='lat' dir='ltr'><strong>inest</strong></span> <span class='ocrx_word' id='word_1_89' title='bbox 855 1645 1079 1756; x_wconf 85' lang='lat' dir='ltr'><strong>speciebus;</strong></span> <span class='ocrx_word' id='word_1_90' title='bbox 1120 1668 1160 1728; x_wconf 89' lang='lat' dir='ltr'><strong>at</strong></span> <span class='ocrx_word' id='word_1_91' title='bbox 1191 1667 1272 1728; x_wconf 91' lang='lat' dir='ltr'><strong>tota</strong></span> 
     </span>
     <span class='ocr_line' id='line_1_14' title="bbox 138 1759 1270 1869; baseline 0.001 -30"><span class='ocrx_word' id='word_1_92' title='bbox 138 1759 277 1840; x_wconf 81' lang='lat' dir='ltr'><strong>ffentia</strong></span> <span class='ocrx_word' id='word_1_93' title='bbox 294 1759 437 1869; x_wconf 88' lang='lat' dir='ltr'><strong>speciei</strong></span> <span class='ocrx_word' id='word_1_94' title='bbox 450 1787 530 1840; x_wconf 93' lang='lat' dir='ltr'><strong>non</strong></span> <span class='ocrx_word' id='word_1_95' title='bbox 544 1760 601 1840; x_wconf 90' lang='lat' dir='ltr'><strong>est</strong></span> <span class='ocrx_word' id='word_1_96' title='bbox 617 1761 659 1839; x_wconf 89' lang='lat' dir='ltr'><strong>in</strong></span> <span class='ocrx_word' id='word_1_97' title='bbox 674 1786 832 1868; x_wconf 87' lang='lat' dir='ltr'><strong>genere,</strong></span> <span class='ocrx_word' id='word_1_98' title='bbox 850 1759 919 1838; x_wconf 88' lang='lat' dir='ltr'><strong>nifi</strong></span> <span class='ocrx_word' id='word_1_99' title='bbox 933 1759 1123 1868; x_wconf 87' lang='lat' dir='ltr'><strong>potentia,</strong></span> <span class='ocrx_word' id='word_1_100' title='bbox 1144 1779 1189 1840; x_wconf 93' lang='lat' dir='ltr'><strong>ut</strong></span> <span class='ocrx_word' id='word_1_101' title='bbox 1208 1761 1270 1840; x_wconf 84' lang='lat' dir='ltr'><strong>in-</strong></span> 
     </span>
     <span class='ocr_line' id='line_1_15' title="bbox 136 1870 1271 1981; baseline -0.001 -29"><span class='ocrx_word' id='word_1_102' title='bbox 136 1872 207 1980; x_wconf 72' lang='lat' dir='ltr'><strong>[uit</strong></span> <span class='ocrx_word' id='word_1_103' title='bbox 227 1873 466 1981; x_wconf 79' lang='lat' dir='ltr'><strong>Porphirius.</strong></span> <span class='ocrx_word' id='word_1_104' title='bbox 498 1873 609 1952; x_wconf 91' lang='lat' dir='ltr'><strong>Hinc</strong></span> <span class='ocrx_word' id='word_1_105' title='bbox 624 1892 669 1953; x_wconf 92' lang='lat' dir='ltr'><strong>ut</strong></span> <span class='ocrx_word' id='word_1_106' title='bbox 687 1871 832 1981; x_wconf 88' lang='lat' dir='ltr'><strong>species</strong></span> <span class='ocrx_word' id='word_1_107' title='bbox 852 1870 909 1950; x_wconf 90' lang='lat' dir='ltr'><strong>est</strong></span> <span class='ocrx_word' id='word_1_108' title='bbox 926 1899 1014 1980; x_wconf 85' lang='lat' dir='ltr'><strong>pars</strong></span> <span class='ocrx_word' id='word_1_109' title='bbox 1027 1873 1195 1977; x_wconf 88' lang='lat' dir='ltr'><strong>generis,</strong></span> <span class='ocrx_word' id='word_1_110' title='bbox 1217 1874 1271 1953; x_wconf 90' lang='lat' dir='ltr'><strong>ita</strong></span> 
     </span>
     <span class='ocr_line' id='line_1_16' title="bbox 136 1982 1270 2094; baseline -0.002 -30"><span class='ocrx_word' id='word_1_111' title='bbox 136 2010 243 2083; x_wconf 66' lang='lat' dir='ltr'><strong>:enus</strong></span> <span class='ocrx_word' id='word_1_112' title='bbox 262 2012 351 2093; x_wconf 85' lang='lat' dir='ltr'><strong>pars</strong></span> <span class='ocrx_word' id='word_1_113' title='bbox 373 1984 448 2065; x_wconf 78' lang='lat' dir='ltr'><strong>elle</strong></span> <span class='ocrx_word' id='word_1_114' title='bbox 468 1983 610 2094; x_wconf 89' lang='lat' dir='ltr'><strong>speciei</strong></span> <span class='ocrx_word' id='word_1_115' title='bbox 638 1982 933 2093; x_wconf 91' lang='lat' dir='ltr'><strong>quodammodo</strong></span> <span class='ocrx_word' id='word_1_116' title='bbox 953 1983 1131 2093; x_wconf 86' lang='lat' dir='ltr'><strong>videtur:</strong></span> <span class='ocrx_word' id='word_1_117' title='bbox 1162 1985 1270 2092; x_wconf 90' lang='lat' dir='ltr'><strong>quod</strong></span> 
     </span>
     <span class='ocr_line' id='line_1_17' title="bbox 138 2095 1269 2203; baseline -0.001 -26"><span class='ocrx_word' id='word_1_118' title='bbox 138 2115 156 2177; x_wconf 93' lang='lat' dir='ltr'><strong>t</strong></span> <span class='ocrx_word' id='word_1_119' title='bbox 178 2097 295 2177; x_wconf 87' lang='lat' dir='ltr'><strong>Plato</strong></span> <span class='ocrx_word' id='word_1_120' title='bbox 314 2098 355 2175; x_wconf 93' lang='lat' dir='ltr'><strong>in</strong></span> <span class='ocrx_word' id='word_1_121' title='bbox 376 2096 547 2178; x_wconf 91' lang='lat' dir='ltr'><strong>Politico</strong></span> <span class='ocrx_word' id='word_1_122' title='bbox 566 2098 728 2177; x_wconf 85' lang='lat' dir='ltr'><strong>notavit.</strong></span> <span class='ocrx_word' id='word_1_123' title='bbox 789 2096 853 2174; x_wconf 89' lang='lat' dir='ltr'><strong>Sic</strong></span> <span class='ocrx_word' id='word_1_124' title='bbox 876 2095 1024 2176; x_wconf 85' lang='lat' dir='ltr'><strong>animal</strong></span> <span class='ocrx_word' id='word_1_125' title='bbox 1047 2122 1174 2203; x_wconf 87' lang='lat' dir='ltr'><strong>genus</strong></span> <span class='ocrx_word' id='word_1_126' title='bbox 1194 2095 1269 2176; x_wconf 93' lang='lat' dir='ltr'><strong>ho-</strong></span> 
     </span>
     <span class='ocr_line' id='line_1_18' title="bbox 136 2207 1268 2301; baseline -0.002 -13"><span class='ocrx_word' id='word_1_127' title='bbox 136 2209 238 2289; x_wconf 87' lang='lat' dir='ltr'><strong>ninis</strong></span> <span class='ocrx_word' id='word_1_128' title='bbox 261 2226 302 2287; x_wconf 92' lang='lat' dir='ltr'><strong>et</strong></span> <span class='ocrx_word' id='word_1_129' title='bbox 327 2208 456 2289; x_wconf 87' lang='lat' dir='ltr'><strong>bestiae</strong></span> <span class='ocrx_word' id='word_1_130' title='bbox 477 2209 661 2289; x_wconf 86' lang='lat' dir='ltr'><strong>dicimus.</strong></span> <span class='ocrx_word' id='word_1_131' title='bbox 720 2207 884 2287; x_wconf 88' lang='lat' dir='ltr'><strong>Animal</strong></span> <span class='ocrx_word' id='word_1_132' title='bbox 908 2209 1017 2288; x_wconf 91' lang='lat' dir='ltr'><strong>enim</strong></span> <span class='ocrx_word' id='word_1_133' title='bbox 1044 2207 1100 2287; x_wconf 90' lang='lat' dir='ltr'><strong>est</strong></span> <span class='ocrx_word' id='word_1_134' title='bbox 1125 2226 1268 2301; x_wconf 90' lang='lat' dir='ltr'><strong>totum,</strong></span> 
     </span>
     <span class='ocr_line' id='line_1_19' title="bbox 137 2318 1270 2430; baseline -0.001 -31"><span class='ocrx_word' id='word_1_135' title='bbox 137 2320 227 2427; x_wconf 83' lang='lat' dir='ltr'><strong>ujus</strong></span> <span class='ocrx_word' id='word_1_136' title='bbox 246 2320 419 2417; x_wconf 83' lang='lat' dir='ltr'><strong>effentia,</strong></span> <span class='ocrx_word' id='word_1_137' title='bbox 440 2347 584 2430; x_wconf 89' lang='lat' dir='ltr'><strong>nempe</strong></span> <span class='ocrx_word' id='word_1_138' title='bbox 603 2346 804 2429; x_wconf 88' lang='lat' dir='ltr'><strong>corporea,</strong></span> <span class='ocrx_word' id='word_1_139' title='bbox 825 2320 1010 2414; x_wconf 88' lang='lat' dir='ltr'><strong>animata,</strong></span> <span class='ocrx_word' id='word_1_140' title='bbox 1026 2318 1205 2411; x_wconf 85' lang='lat' dir='ltr'><strong>sentiens,</strong></span> <span class='ocrx_word' id='word_1_141' title='bbox 1222 2320 1270 2398; x_wconf 91' lang='lat' dir='ltr'><strong>ad</strong></span> 
     </span>
     <span class='ocr_line' id='line_1_20' title="bbox 136 2431 1269 2514; baseline -0.003 -2"><span class='ocrx_word' id='word_1_142' title='bbox 136 2433 325 2512; x_wconf 67' lang='lat' dir='ltr'><strong>nominem</strong></span> <span class='ocrx_word' id='word_1_143' title='bbox 344 2453 385 2514; x_wconf 92' lang='lat' dir='ltr'><strong>et</strong></span> <span class='ocrx_word' id='word_1_144' title='bbox 403 2432 567 2514; x_wconf 86' lang='lat' dir='ltr'><strong>bestiam</strong></span> <span class='ocrx_word' id='word_1_145' title='bbox 585 2433 853 2513; x_wconf 89' lang='lat' dir='ltr'><strong>communiter</strong></span> <span class='ocrx_word' id='word_1_146' title='bbox 871 2431 1022 2510; x_wconf 84' lang='lat' dir='ltr'><strong>attinet.</strong></span> <span class='ocrx_word' id='word_1_147' title='bbox 1083 2431 1147 2509; x_wconf 87' lang='lat' dir='ltr'><strong>Sic</strong></span> <span class='ocrx_word' id='word_1_148' title='bbox 1169 2431 1269 2510; x_wconf 91' lang='lat' dir='ltr'><strong>dici-</strong></span> 
     </span>
     <span class='ocr_line' id='line_1_21' title="bbox 136 2542 1290 2654; baseline -0.001 -30"><span class='ocrx_word' id='word_1_149' title='bbox 136 2570 206 2625; x_wconf 88' lang='lat' dir='ltr'><strong>nus</strong></span> <span class='ocrx_word' id='word_1_150' title='bbox 216 2542 426 2625; x_wconf 89' lang='lat' dir='ltr'><strong>hominem</strong></span> <span class='ocrx_word' id='word_1_151' title='bbox 437 2564 477 2625; x_wconf 90' lang='lat' dir='ltr'><strong>et</strong></span> <span class='ocrx_word' id='word_1_152' title='bbox 490 2545 652 2625; x_wconf 87' lang='lat' dir='ltr'><strong>bestiam</strong></span> <span class='ocrx_word' id='word_1_153' title='bbox 665 2544 809 2654; x_wconf 86' lang='lat' dir='ltr'><strong>species</strong></span> <span class='ocrx_word' id='word_1_154' title='bbox 821 2543 1017 2637; x_wconf 88' lang='lat' dir='ltr'><strong>animalis;</strong></span> <span class='ocrx_word' id='word_1_155' title='bbox 1037 2543 1131 2650; x_wconf 89' lang='lat' dir='ltr'><strong>quia</strong></span> <span class='ocrx_word' id='word_1_156' title='bbox 1143 2562 1290 2651; x_wconf 86' lang='lat' dir='ltr'><strong>partes·</strong></span> 
     </span>
     <span class='ocr_line' id='line_1_22' title="bbox 136 2655 1267 2766; baseline -0.002 -30"><span class='ocrx_word' id='word_1_157' title='bbox 136 2675 203 2737; x_wconf 87' lang='lat' dir='ltr'><strong>unt</strong></span> <span class='ocrx_word' id='word_1_158' title='bbox 220 2657 383 2736; x_wconf 85' lang='lat' dir='ltr'><strong>animali</strong></span> <span class='ocrx_word' id='word_1_159' title='bbox 408 2657 598 2764; x_wconf 68' lang='lat' dir='ltr'><strong>subjectae,</strong></span> <span class='ocrx_word' id='word_1_160' title='bbox 618 2685 705 2766; x_wconf 89' lang='lat' dir='ltr'><strong>quae</strong></span> <span class='ocrx_word' id='word_1_161' title='bbox 727 2655 906 2737; x_wconf 88' lang='lat' dir='ltr'><strong>animalis</strong></span> <span class='ocrx_word' id='word_1_162' title='bbox 929 2655 1130 2736; x_wconf 83' lang='lat' dir='ltr'><strong>effentiam</strong></span> <span class='ocrx_word' id='word_1_163' title='bbox 1154 2684 1267 2736; x_wconf 90' lang='lat' dir='ltr'><strong>com·</strong></span> 
     </span>
     <span class='ocr_line' id='line_1_23' title="bbox 136 2768 461 2849; baseline -0.003 0"><span class='ocrx_word' id='word_1_164' title='bbox 136 2794 282 2849; x_wconf 89' lang='lat' dir='ltr'><strong>nunem</strong></span> <span class='ocrx_word' id='word_1_165' title='bbox 303 2768 461 2849; x_wconf 87' lang='lat' dir='ltr'><strong>habent.</strong></span> 
     </span>
    </p>

    <p class='ocr_par' dir='ltr' id='par_1_3' title="bbox 173 2876 1062 2989">
     <span class='ocr_line' id='line_1_24' title="bbox 173 2876 1062 2989; baseline -0.003 -30"><span class='ocrx_word' id='word_1_166' title='bbox 173 2881 302 2961; x_wconf 85' lang='lat' dir='ltr'><strong>Genus</strong></span> <span class='ocrx_word' id='word_1_167' title='bbox 318 2880 683 2989; x_wconf 69' lang='lat' dir='ltr'><strong>estgeneralffmutn</strong></span> <span class='ocrx_word' id='word_1_168' title='bbox 701 2895 770 2959; x_wconf 83' lang='lat' dir='ltr'><strong>aut</strong></span> <span class='ocrx_word' id='word_1_169' title='bbox 776 2876 1062 2983; x_wconf 56' lang='lat' dir='ltr'><strong>subalternum„</strong></span> 
     </span>
    </p>

    <p class='ocr_par' dir='ltr' id='par_1_4' title="bbox 171 2989 911 3101">
     <span class='ocr_line' id='line_1_25' title="bbox 171 2989 911 3101; baseline -0.003 -30"><span class='ocrx_word' id='word_1_170' title='bbox 171 2989 319 3101; x_wconf 83' lang='lat' dir='ltr'><strong>Species</strong></span> <span class='ocrx_word' id='word_1_171' title='bbox 323 2991 549 3099; x_wconf 72' lang='lat' dir='ltr'><strong>stabalterna</strong></span> <span class='ocrx_word' id='word_1_172' title='bbox 568 3010 638 3072; x_wconf 83' lang='lat' dir='ltr'><strong>aut</strong></span> <span class='ocrx_word' id='word_1_173' title='bbox 642 2989 911 3099; x_wconf 81' lang='lat' dir='ltr'><strong>specialifflma.</strong></span> 
     </span>
    </p>

    <p class='ocr_par' dir='ltr' id='par_1_5' title="bbox 173 3098 1125 3211">
     <span class='ocr_line' id='line_1_26' title="bbox 173 3098 1125 3211; baseline -0.006 -28"><span class='ocrx_word' id='word_1_174' title='bbox 173 3105 301 3185; x_wconf 86' lang='lat' dir='ltr'><strong>Genus</strong></span> <span class='ocrx_word' id='word_1_175' title='bbox 316 3104 632 3211; x_wconf 83' lang='lat' dir='ltr'><strong>generalifflmutn,</strong></span> <span class='ocrx_word' id='word_1_176' title='bbox 649 3101 756 3209; x_wconf 87' lang='lat' dir='ltr'><strong>cujus</strong></span> <span class='ocrx_word' id='word_1_177' title='bbox 773 3103 914 3182; x_wconf 85' lang='lat' dir='ltr'><strong>nullum</strong></span> <span class='ocrx_word' id='word_1_178' title='bbox 933 3098 982 3206; x_wconf 86' lang='lat' dir='ltr'><strong>est</strong></span> <span class='ocrx_word' id='word_1_179' title='bbox 996 3124 1125 3206; x_wconf 87' lang='lat' dir='ltr'><strong>genus.</strong></span> 
     </span>
    </p>

    <p class='ocr_par' dir='ltr' id='par_1_6' title="bbox 135 3210 1265 3409">
     <span class='ocr_line' id='line_1_27' title="bbox 170 3210 1265 3324; baseline -0.003 -31"><span class='ocrx_word' id='word_1_180' title='bbox 170 3216 233 3296; x_wconf 93' lang='lat' dir='ltr'><strong>Ut</strong></span> <span class='ocrx_word' id='word_1_181' title='bbox 261 3217 303 3295; x_wconf 91' lang='lat' dir='ltr'><strong>in</strong></span> <span class='ocrx_word' id='word_1_182' title='bbox 327 3218 477 3324; x_wconf 86' lang='lat' dir='ltr'><strong>Logica</strong></span> <span class='ocrx_word' id='word_1_183' title='bbox 502 3216 728 3296; x_wconf 90' lang='lat' dir='ltr'><strong>inventione</strong></span> <span class='ocrx_word' id='word_1_184' title='bbox 758 3231 1038 3321; x_wconf 89' lang='lat' dir='ltr'><strong>argumentum</strong></span> <span class='ocrx_word' id='word_1_185' title='bbox 1061 3210 1117 3290; x_wconf 90' lang='lat' dir='ltr'><strong>est</strong></span> <span class='ocrx_word' id='word_1_186' title='bbox 1142 3237 1265 3318; x_wconf 86' lang='lat' dir='ltr'><strong>genus</strong></span> 
     </span>
     <span class='ocr_line' id='line_1_28' title="bbox 135 3324 1131 3409; baseline -0.006 -1"><span class='ocrx_word' id='word_1_187' title='bbox 135 3327 447 3409; x_wconf 80' lang='lat' dir='ltr'><strong>eneraliffimum</strong></span> <span class='ocrx_word' id='word_1_188' title='bbox 466 3327 730 3409; x_wconf 87' lang='lat' dir='ltr'><strong>artificialium</strong></span> <span class='ocrx_word' id='word_1_189' title='bbox 751 3344 791 3406; x_wconf 91' lang='lat' dir='ltr'><strong>et</strong></span> <span class='ocrx_word' id='word_1_190' title='bbox 809 3324 1131 3405; x_wconf 81' lang='lat' dir='ltr'><strong>inartificialium.</strong></span> 
     </span>
    </p>

    <p class='ocr_par' dir='ltr' id='par_1_7' title="bbox 135 3433 1269 3658">
     <span class='ocr_line' id='line_1_29' title="bbox 170 3433 1269 3548; baseline -0.005 -29"><span class='ocrx_word' id='word_1_191' title='bbox 170 3438 436 3521; x_wconf 86' lang='lat' dir='ltr'><strong>Subalternum</strong></span> <span class='ocrx_word' id='word_1_192' title='bbox 450 3469 581 3548; x_wconf 87' lang='lat' dir='ltr'><strong>genas,</strong></span> <span class='ocrx_word' id='word_1_193' title='bbox 602 3458 646 3520; x_wconf 85' lang='lat' dir='ltr'><strong>ut</strong></span> <span class='ocrx_word' id='word_1_194' title='bbox 655 3437 881 3546; x_wconf 82' lang='lat' dir='ltr'><strong>subalterna</strong></span> <span class='ocrx_word' id='word_1_195' title='bbox 905 3436 990 3516; x_wconf 87' lang='lat' dir='ltr'><strong>item</strong></span> <span class='ocrx_word' id='word_1_196' title='bbox 996 3435 1152 3546; x_wconf 85' lang='lat' dir='ltr'><strong>species,</strong></span> <span class='ocrx_word' id='word_1_197' title='bbox 1172 3433 1269 3543; x_wconf 87' lang='lat' dir='ltr'><strong>quod</strong></span> 
     </span>
     <span class='ocr_line' id='line_1_30' title="bbox 135 3550 859 3658; baseline 0.001 -27"><span class='ocrx_word' id='word_1_198' title='bbox 135 3550 245 3631; x_wconf 64' lang='lat' dir='ltr'><strong>Decies</strong></span> <span class='ocrx_word' id='word_1_199' title='bbox 262 3550 386 3657; x_wconf 79' lang='lat' dir='ltr'><strong>hujm,</strong></span> <span class='ocrx_word' id='word_1_200' title='bbox 407 3555 507 3634; x_wconf 86' lang='lat' dir='ltr'><strong>illius</strong></span> <span class='ocrx_word' id='word_1_201' title='bbox 525 3570 649 3634; x_wconf 86' lang='lat' dir='ltr'><strong>autem</strong></span> <span class='ocrx_word' id='word_1_202' title='bbox 664 3579 781 3658; x_wconf 86' lang='lat' dir='ltr'><strong>genus</strong></span> <span class='ocrx_word' id='word_1_203' title='bbox 799 3550 859 3658; x_wconf 85' lang='lat' dir='ltr'><strong>est.</strong></span> 
     </span>
    </p>

    <p class='ocr_par' dir='ltr' id='par_1_8' title="bbox 135 3658 1262 3996">
     <span class='ocr_line' id='line_1_31' title="bbox 171 3658 1262 3772; baseline 0 -29"><span class='ocrx_word' id='word_1_204' title='bbox 171 3663 219 3743; x_wconf 91' lang='lat' dir='ltr'><strong>ld</strong></span> <span class='ocrx_word' id='word_1_205' title='bbox 238 3664 309 3757; x_wconf 87' lang='lat' dir='ltr'><strong>est,</strong></span> <span class='ocrx_word' id='word_1_206' title='bbox 325 3666 432 3772; x_wconf 93' lang='lat' dir='ltr'><strong>quod</strong></span> <span class='ocrx_word' id='word_1_207' title='bbox 451 3693 556 3745; x_wconf 92' lang='lat' dir='ltr'><strong>nunc</strong></span> <span class='ocrx_word' id='word_1_208' title='bbox 575 3691 698 3772; x_wconf 91' lang='lat' dir='ltr'><strong>genus</strong></span> <span class='ocrx_word' id='word_1_209' title='bbox 712 3662 782 3756; x_wconf 87' lang='lat' dir='ltr'><strong>est,</strong></span> <span class='ocrx_word' id='word_1_210' title='bbox 800 3688 905 3742; x_wconf 90' lang='lat' dir='ltr'><strong>nunc</strong></span> <span class='ocrx_word' id='word_1_211' title='bbox 923 3658 1092 3768; x_wconf 88' lang='lat' dir='ltr'><strong>species;</strong></span> <span class='ocrx_word' id='word_1_212' title='bbox 1124 3683 1262 3763; x_wconf 69' lang='lat' dir='ltr'><strong>genus,</strong></span> 
     </span>
     <span class='ocr_line' id='line_1_32' title="bbox 135 3769 1262 3885; baseline -0.004 -32"><span class='ocrx_word' id='word_1_213' title='bbox 135 3776 140 3853; x_wconf 86' lang='lat' dir='ltr'><strong>l</strong></span> <span class='ocrx_word' id='word_1_214' title='bbox 165 3776 216 3854; x_wconf 87' lang='lat' dir='ltr'><strong>ad</strong></span> <span class='ocrx_word' id='word_1_215' title='bbox 241 3775 387 3885; x_wconf 85' lang='lat' dir='ltr'><strong>specics</strong></span> <span class='ocrx_word' id='word_1_216' title='bbox 413 3777 481 3857; x_wconf 89' lang='lat' dir='ltr'><strong>fibi</strong></span> <span class='ocrx_word' id='word_1_217' title='bbox 509 3777 694 3883; x_wconf 70' lang='lat' dir='ltr'><strong>subjectas</strong></span> <span class='ocrx_word' id='word_1_218' title='bbox 719 3773 929 3868; x_wconf 85' lang='lat' dir='ltr'><strong>referatur3</strong></span> <span class='ocrx_word' id='word_1_219' title='bbox 972 3770 1132 3879; x_wconf 87' lang='lat' dir='ltr'><strong>species,</strong></span> <span class='ocrx_word' id='word_1_220' title='bbox 1157 3770 1185 3849; x_wconf 89' lang='lat' dir='ltr'>fi</span> <span class='ocrx_word' id='word_1_221' title='bbox 1213 3769 1262 3849; x_wconf 87' lang='lat' dir='ltr'><strong>ad</strong></span> 
     </span>
     <span class='ocr_line' id='line_1_33' title="bbox 135 3914 385 3996; baseline 0.012 -30"><span class='ocrx_word' id='word_1_222' title='bbox 135 3914 226 3966; x_wconf 87' lang='lat' dir='ltr'><strong>uum</strong></span> <span class='ocrx_word' id='word_1_223' title='bbox 247 3915 385 3996; x_wconf 85' lang='lat' dir='ltr'><strong>genus.</strong></span> 
     </span>
    </p>
   </div>
   <div class='ocr_carea' id='block_1_3' title="bbox 134 3992 1262 4528">
    <p class='ocr_par' dir='ltr' id='par_1_9' title="bbox 134 3992 1262 4528">
     <span class='ocr_line' id='line_1_34' title="bbox 169 3992 1261 4107; baseline -0.005 -29"><span class='ocrx_word' id='word_1_224' title='bbox 169 4000 234 4079; x_wconf 91' lang='lat' dir='ltr'><strong>Sic</strong></span> <span class='ocrx_word' id='word_1_225' title='bbox 257 3999 383 4095; x_wconf 87' lang='lat' dir='ltr'><strong>causa,</strong></span> <span class='ocrx_word' id='word_1_226' title='bbox 409 4026 532 4107; x_wconf 84' lang='lat' dir='ltr'><strong>genus</strong></span> <span class='ocrx_word' id='word_1_227' title='bbox 555 3999 612 4079; x_wconf 91' lang='lat' dir='ltr'><strong>est</strong></span> <span class='ocrx_word' id='word_1_228' title='bbox 639 3999 810 4079; x_wconf 89' lang='lat' dir='ltr'><strong>materiae</strong></span> <span class='ocrx_word' id='word_1_229' title='bbox 833 4015 874 4076; x_wconf 91' lang='lat' dir='ltr'><strong>et</strong></span> <span class='ocrx_word' id='word_1_230' title='bbox 900 3993 1061 4086; x_wconf 83' lang='lat' dir='ltr'><strong>formae3</strong></span> <span class='ocrx_word' id='word_1_231' title='bbox 1101 3992 1261 4104; x_wconf 90' lang='lat' dir='ltr'><strong>species,</strong></span> 
     </span>
     <span class='ocr_line' id='line_1_35' title="bbox 135 4104 1261 4218; baseline -0.006 -27"><span class='ocrx_word' id='word_1_232' title='bbox 135 4113 337 4218; x_wconf 86' lang='lat' dir='ltr'><strong>rgumenti</strong></span> <span class='ocrx_word' id='word_1_233' title='bbox 352 4111 525 4192; x_wconf 73' lang='lat' dir='ltr'><strong>absolute</strong></span> <span class='ocrx_word' id='word_1_234' title='bbox 540 4109 803 4192; x_wconf 88' lang='lat' dir='ltr'><strong>consentanei.</strong></span> <span class='ocrx_word' id='word_1_235' title='bbox 848 4109 912 4187; x_wconf 93' lang='lat' dir='ltr'><strong>Sic</strong></span> <span class='ocrx_word' id='word_1_236' title='bbox 928 4104 1051 4187; x_wconf 92' lang='lat' dir='ltr'><strong>homo</strong></span> <span class='ocrx_word' id='word_1_237' title='bbox 1065 4107 1121 4187; x_wconf 89' lang='lat' dir='ltr'><strong>est</strong></span> <span class='ocrx_word' id='word_1_238' title='bbox 1138 4132 1261 4213; x_wconf 89' lang='lat' dir='ltr'><strong>genus</strong></span> 
     </span>
     <span class='ocr_line' id='line_1_36' title="bbox 134 4218 1261 4334; baseline -0.006 -32"><span class='ocrx_word' id='word_1_239' title='bbox 134 4224 397 4318; x_wconf 75' lang='lat' dir='ltr'><strong>ubahernnm,</strong></span> <span class='ocrx_word' id='word_1_240' title='bbox 413 4224 489 4304; x_wconf 89' lang='lat' dir='ltr'><strong>five</strong></span> <span class='ocrx_word' id='word_1_241' title='bbox 504 4224 648 4334; x_wconf 88' lang='lat' dir='ltr'><strong>species</strong></span> <span class='ocrx_word' id='word_1_242' title='bbox 665 4222 899 4302; x_wconf 87' lang='lat' dir='ltr'><strong>subalterna:</strong></span> <span class='ocrx_word' id='word_1_243' title='bbox 922 4218 1067 4327; x_wconf 90' lang='lat' dir='ltr'><strong>species</strong></span> <span class='ocrx_word' id='word_1_244' title='bbox 1083 4219 1261 4327; x_wconf 89' lang='lat' dir='ltr'><strong>quidem,</strong></span> 
     </span>
     <span class='ocr_line' id='line_1_37' title="bbox 134 4327 1262 4446; baseline -0.005 -33"><span class='ocrx_word' id='word_1_245' title='bbox 134 4365 139 4413; x_wconf 69' lang='grc' dir='ltr'><em>ι</em></span> <span class='ocrx_word' id='word_1_246' title='bbox 170 4337 219 4415; x_wconf 91' lang='lat' dir='ltr'><strong>ad</strong></span> <span class='ocrx_word' id='word_1_247' title='bbox 249 4337 396 4417; x_wconf 88' lang='lat' dir='ltr'><strong>animal</strong></span> <span class='ocrx_word' id='word_1_248' title='bbox 428 4335 593 4434; x_wconf 90' lang='lat' dir='ltr'><strong>referas;</strong></span> <span class='ocrx_word' id='word_1_249' title='bbox 638 4362 778 4446; x_wconf 89' lang='lat' dir='ltr'><strong>genus,</strong></span> <span class='ocrx_word' id='word_1_250' title='bbox 803 4332 902 4413; x_wconf 86' lang='lat' dir='ltr'><strong>fiad</strong></span> <span class='ocrx_word' id='word_1_251' title='bbox 932 4332 1103 4439; x_wconf 87' lang='lat' dir='ltr'><strong>fingulos</strong></span> <span class='ocrx_word' id='word_1_252' title='bbox 1128 4327 1262 4409; x_wconf 91' lang='lat' dir='ltr'><strong>homi-</strong></span> 
     </span>
     <span class='ocr_line' id='line_1_38' title="bbox 137 4474 194 4528; baseline 0 0"><span class='ocrx_word' id='word_1_253' title='bbox 137 4474 194 4528; x_wconf 78' lang='lat' dir='ltr'><strong>ee.</strong></span> 
     </span>
    </p>
   </div>
   <div class='ocr_carea' id='block_1_4' title="bbox 0 0 1482 4980">
    <p class='ocr_par' dir='ltr' id='par_1_10' title="bbox 0 0 1482 4980">
     <span class='ocr_line' id='line_1_39' title="bbox 0 0 1482 4980; baseline 0 1"><span class='ocrx_word' id='word_1_254' title='bbox 0 0 1482 4980; x_wconf 95' lang='lat' dir='ltr'><strong> </strong></span> 
     </span>
    </p>
   </div>
  </div>
 </body>
</html>
