2956 4980
139 210 214 293 152
542 172 669 268 Artis
694 172 880 302 Logicae
1079 165 1191 266 Lib.
1213 207 1254 263 2.

191 346 351 427 Tertius
379 348 520 428 modus
550 348 606 427 est
636 347 851 431 affirmatus
882 345 1087 457 specialis:
1120 347 1200 426 Con
1218 342 1294 424 ules

129 475 287 568 propter
319 459 501 541 virtutem
518 460 643 568 fabii,
663 459 827 569 studiosi
855 477 971 570 remp.
1002 458 1108 540 tueri
1133 455 1178 538 de
1201 473 1292 536 ent:

139 571 267 650 Cicero
279 571 329 679 ιβ
341 589 499 683 propter
511 573 837 682 trirtutemfabius
852 571 978 679 consul
986 602 1000 664 ;
1027 572 1159 652 Cicero
1170 568 1295 676 igitur

124 681 286 792 studiosi
316 702 430 795 remp.
463 685 568 766 tueri
598 683 714 765 debet.
779 686 844 764 Sic
879 705 1008 764 orator
1042 682 1294 790 diligentiam

136 793 260 889 suam,
274 796 373 902 Agr.
392 823 429 884 2,
445 797 645 885 concludit
664 814 704 876 et
716 796 892 904 judicat:
925 799 1029 877 Nam
1041 797 1123 876 ciem
1135 793 1294 878 omnium

135 905 332 1012 corfinium,
353 910 420 1002 ait,
437 909 575 1016 gravis
594 908 633 988 in
652 908 780 1022 repub.
801 905 1040 1021 custodienda,
1056 937 1152 992 curo
1170 935 1219 986 ac
1235 904 1295 986 di·

136 1019 290 1133 ligentia
308 1018 410 1100 debet
429 1021 507 1130 effi,
527 1039 606 1101 tum
626 1050 747 1101 eorum
765 1022 936 1114 maximi,
957 1020 1024 1131 qui
1038 1049 1107 1102 non
1127 1020 1166 1100 in
1184 1017 1293 1098 incu-

135 1130 296 1225 nabulis,
304 1131 380 1239 sed
393 1133 433 1212 in
451 1151 575 1244 campo
584 1133 683 1246 fiant
702 1133 988 1241 corfielessaoii
1033 1132 1152 1218 Nulli
1155 1129 1294 1248 populo

137 1245 243 1323 Rom.
258 1260 330 1353 pro
342 1274 398 1324 me
411 1243 565 1350 majores
579 1246 695 1354 nostri
697 1244 989 1357 sposponderunt
1006 1245 1098 1325 mihi
1112 1241 1296 1325 creditum

137 1355 207 1463 est:
237 1354 327 1436 dme
338 1375 467 1468 petere
478 1357 576 1468 quod
589 1357 707 1453 debeo,
726 1388 782 1440 me
800 1357 914 1469 ipsum
933 1358 1121 1468 appellare
1140 1353 1292 1438 debetis.

137 1467 441 1576 Qemadmodum
460 1469 542 1555 crim
560 1469 744 1580 petebam,
763 1471 863 1551 nulli
882 1500 938 1550 me
955 1473 1123 1550 autiores
1146 1465 1297 1575 generis

137 1580 212 1663 mei
236 1581 338 1662 vobis
368 1581 690 1665 commendarunt:
711 1583 774 1691 stc
792 1581 925 1693 stqut'd
949 1582 1146 1693 deliquero,
1176 1579 1295 1661 nulla

126 1693 224 1799 stant
256 1693 445 1801 imagines,
466 1724 549 1806 quae
581 1725 635 1775 me
668 1694 694 1776 d
725 1693 828 1776 vodis
850 1694 1104 1805 deprecentur.
1162 1694 1296 1801 Qare

137 1803 236 1891 modi
256 1825 300 1884 ut
319 1806 404 1889 vita
415 1806 598 1918 stappetat
619 1804 746 1919 (quan
772 1837 856 1888 uam
879 1837 944 1914 ego
955 1807 1044 1915 stom
1070 1806 1102 1887 is
1125 1805 1194 1916 qui
1213 1833 1295 1885 eom

131 1916 255 2026 poffi'm
278 1917 326 1997 ab
345 1918 490 2026 ssorum
501 1919 645 2026 scelere
663 1920 733 2026 irfi
754 1918 864 2030 iisque
883 1915 1099 2033 defendere)
1117 1916 1297 2028 polliceor

138 2027 254 2122 vobri,
274 2030 455 2138 Qirites,
475 2031 568 2112 bona
579 2029 675 2142 fide,
702 2050 817 2143 remp.
844 2031 1028 2140 vigilanti
1049 2029 1195 2124 homini,
1224 2059 1296 2111 non

138 2139 277 2235 timido,
294 2140 475 2252 dilgenti,
494 2174 564 2225 non
583 2145 734 2253 ignavo,
748 2145 903 2250 commffi
929 2144 973 2225 is.
1024 2144 1157 2233 Partes
1175 2140 1296 2250 hujus

138 2251 352 2361 syllogismi
370 2256 673 2365 prosyllogifinis
693 2275 892 2338 ornantur.
935 2256 1152 2367 Propofitio
1171 2250 1192 2333 i
1214 2256 1296 2335 mi-

138 2367 226 2444 nori
257 2366 495 2456 illustratur:
537 2369 647 2476 cujus
681 2369 870 2453 sententia
900 2369 956 2450 est
986 2367 1294 2478 comparationis

138 2478 322 2573 redditio,
338 2480 494 2562 divetfis
510 2480 722 2577 illustrata;
743 2511 829 2563 nam
843 2479 926 2563 ciam
936 2480 1090 2563 omnium
1108 2478 1295 2586 caristolum

134 2589 285 2696 gravis,
306 2595 382 2672 διε.
409 2610 489 2676 turn
512 2623 634 2676 eorum
661 2596 844 2675 maximi:
875 2593 1023 2675 diversa
1041 2593 1142 2687 sunt,
1162 2622 1235 2673 non
1254 2591 1294 2673 in

137 2700 382 2796 incunabulis,
390 2703 465 2813 sed
483 2706 521 2786 in
540 2724 678 2817 campo.
737 2706 964 2815 Affumptio
991 2706 1178 2814 sequitur,
1197 2705 1301 2786 nulli

131 2815 265 2924 populo
285 2818 391 2895 Rom.
413 2821 506 2912 &c.,
526 2846 612 2927 quae
637 2818 774 2899 iisdem
802 2818 929 2899 rursus
949 2818 1104 2908 diverfis
1122 2816 1295 2898 illustra-

141 2925 509 3032 tur,etis1mili;
546 2932 659 3024 meis,
691 2958 771 3011 non
800 2930 997 3037 majorum
1030 2929 1205 3026 meritis;
1252 2930 1294 3009 in

139 3067 296 3149 campo,
328 3069 408 3122 non
439 3044 481 3122 in
511 3042 785 3124 incunabulis:
805 3043 1041 3133 =fimilitudo
1073 3039 1136 3131 his
1165 3040 1296 3126 verbis

138 3154 385 3248 continetur3
416 3153 707 3265 quemadmodum
732 3154 815 3237 crim
837 3155 1020 3266 petebam,
1046 3159 1123 3236 tec.
1181 3155 1296 3234 Tan·

139 3263 231 3344 dem
243 3267 498 3351 conclufionis
511 3267 698 3348 sententia
713 3266 886 3378 sequitur
898 3268 1100 3361 illustrata,
1113 3264 1295 3377 ptimltm

140 3375 363 3457 testimonio
382 3380 573 3488 promissi,
594 3380 844 3489 obligationis
865 3383 948 3462 vim
966 3378 1160 3474 habentis,
1178 3379 1295 3489 polli-

139 3517 235 3582 ceor,
257 3491 332 3569 &c.
392 3492 549 3571 Deinde
569 3492 719 3573 diverso
739 3512 779 3573 et
797 3491 1013 3606 disparato;
1044 3521 1161 3602 quare
1178 3490 1295 3586 modi,

138 3602 214 3680 &o
247 3602 354 3709 Ergo
369 3604 498 3684 Cicero
517 3605 591 3685 erit
610 3606 791 3714 vigilans,
804 3633 884 3686 non
904 3606 1085 3701 timidus3
1108 3605 1295 3714 diligens,

138 3741 218 3793 non
238 3712 415 3820 ignavus.

195 3825 320 3906 Aliud
350 3828 605 3937 exemplum:
637 3826 735 3938 quod
752 3846 919 3939 optatum
947 3827 1115 3923 redierit,
1134 3847 1296 3936 gratum
1333 3908 1336 3913 ,

137 3936 212 4045 est:
243 3936 378 4048 Lesbia
396 3941 547 4021 Catullo
566 3957 695 4051 optata
713 3940 852 4034 rediit;
868 3959 990 4050 grata
1007 3941 1130 4049 igitur
1147 3941 1211 4051 est.

196 4099 242 4179 Si
256 4100 448 4210 quicquam
468 4100 663 4211 cupidoque
682 4104 895 4213 optantique
909 4104 1043 4213 obtigit
1057 4133 1218 4216 unquam
1237 4125 1278 4188 et

249 4211 476 4322 insperanti,
497 4215 562 4294 dac
577 4232 734 4321 gratum
752 4215 801 4324 est
819 4217 938 4301 animo
950 4217 1119 4328 proprii.

121 4379 126 4389 -
193 4328 322 4434 Qare
339 4325 407 4405 hoc
424 4326 473 4434 est
488 4345 658 4432 gratum,
679 4327 779 4408 nobis
797 4357 935 4440 quoque
953 4330 1105 4411 charius
1123 4360 1233 4427 auro,

248 4437 357 4547 and
370 4456 408 4518 te
426 4438 601 4547 restituis,
623 4437 770 4549 Lesbia,
790 4442 844 4520 mi
858 4440 998 4553 cupido.
