2956 4980
164 203 214 310 56
572 190 698 284 Artis
723 188 907 317 Logicae
1109 179 1218 279 Lib.
1240 220 1279 275 r.

160 361 344 470 quaelibet
364 363 439 442 five
460 361 615 441 affediio
635 362 704 456 est,
717 391 795 471 qua
814 389 873 441 res
892 386 1135 469 quaecunque
1155 359 1260 437 inter
1279 356 1314 436 se

162 495 393 582 comparatae
412 494 578 583 quantae,
598 476 626 553 i.
641 503 675 555 e.
697 473 861 581 aequales
881 473 942 552 vel
962 468 1316 581 inaequales,[pares

161 587 223 665 vel
244 587 414 695 impares
433 587 513 666 dici
531 585 697 696 possunt.

221 699 345 778 Paria
350 697 462 806 stunt,
482 728 635 808 quorum
654 698 703 807 est
722 726 796 778 unu
814 698 1020 807 quantitas.

215 811 278 890 Sic
305 813 426 892 etiam
454 809 590 890 definit
616 809 845 918 Arssoteles,
873 808 977 889 Phil.
1001 809 1040 888 8.
1067 833 1131 914 15.
1194 806 1316 916 Qod

162 922 269 1001 idem
284 924 386 1002 valet
401 922 474 1002 acsr
490 924 698 1014 diceretur,
712 948 883 1029 quorum
895 949 965 1029 par
981 920 1080 999 ratio
1091 918 1161 998 est.
1218 921 1314 1013 Una,

163 1034 188 1113 i.
203 1062 238 1113 e.
261 1036 414 1126 eadem,
429 1036 611 1142 aequalis:
644 1034 745 1112 unde
767 1034 807 1112 in
827 1033 971 1143 plurali
989 1058 1156 1111 numero
1175 1032 1316 1111 eodem

164 1148 324 1225 nomine
345 1175 389 1225 ac
408 1147 636 1225 definitione
657 1146 917 1255 explicantur.

219 1260 494 1366 Argumentum
513 1258 634 1365 igitur
653 1257 763 1366 paris
781 1257 843 1365 est,
864 1256 946 1337 ciem
961 1252 1316 1364 parssillustraturri

187 1399 261 1448 arr.

156 1386 187 1478 p
219 1482 286 1561 Ad
306 1484 489 1590 exempla
508 1483 734 1574 veniamus;
766 1499 882 1587 atque
902 1478 950 1558 ad
969 1506 1015 1559 ea
1034 1474 1213 1587 primirm
1233 1506 1317 1587 quae

163 1593 204 1671 in
230 1592 372 1687 forma,
398 1615 442 1673 ut
469 1594 657 1686 diximus,
681 1595 877 1673 contrai'ta
902 1592 1005 1672 notis
1031 1589 1189 1670 brevius
1215 1591 1316 1670 indi·

164 1723 315 1785 cantur.
375 1706 452 1784 Hae
466 1724 599 1784 autem
616 1723 715 1784 notae
736 1705 938 1814 praecipuae
953 1702 1040 1783 sunt
1052 1720 1145 1810 par,
1160 1702 1314 1813 aequale,

161 1844 311 1924 aequare
324 1848 337 1907 ;
369 1820 474 1895 utin
495 1814 582 1896 his:
614 1815 760 1896 AEneid.
786 1840 825 1893 2.

473 2043 585 2055 --
599 1997 685 2074 Pur
704 1993 847 2074 levibus
863 1995 997 2075 ventis.

220 2172 304 2251 Ubi
320 2173 455 2254 levitas
469 2175 621 2281 Creusae
636 2175 784 2256 umbrae
798 2194 1048 2284 comparatur
1060 2174 1211 2256 levitati
1221 2204 1316 2258 ven·

164 2301 310 2364 torum.
369 2285 517 2367 AEueid.
543 2314 580 2393 3.

278 2466 334 2541 Et
352 2491 450 2543 nuuc
469 2463 609 2571 aequali
624 2480 743 2543 tecum
756 2462 969 2572 pubesceret
983 2494 1078 2545 aevo.

975 2576 1133 2658 AEneid.
1156 2580 1197 2659 6.

278 2753 339 2830 En
356 2749 467 2857 hujus
485 2769 573 2831 nate
591 2752 775 2861 auspiciis,
794 2753 861 2832 illa
880 2753 1018 2863 inclyta
1037 2757 1156 2837 Roma

276 2862 476 2972 Imperium
495 2864 624 2956 terris,
645 2864 782 2944 animos
797 2864 961 2974 aequubit
982 2868 1146 2977 Olympo.

221 3050 299 3129 His
321 3050 422 3128 notis
437 3049 522 3129 aliae
537 3049 622 3128 sunt
638 3049 785 3143 affines,
799 3051 966 3158 puriter,
978 3054 1093 3161 aequi,
1105 3058 1320 3165 aequalius,

163 3161 374 3271 (equaliter,
388 3159 557 3268 perinde,
579 3161 666 3266 ucſs,
688 3181 727 3239 et
747 3161 787 3240 id
806 3189 930 3269 genus
949 3164 1037 3243 alia.

224 3273 409 3380 Sequitur
436 3271 563 3351 forma
594 3273 810 3380 explicata3
852 3275 892 3352 in
923 3303 1004 3383 qua
1036 3280 1253 3385 propofitio
1282 3307 1321 3367 et

166 3383 333 3462 redditio
354 3384 659 3491 distinguuntur,
679 3412 766 3492 quae
785 3387 825 3463 in
845 3390 1043 3467 contracta
1060 3386 1191 3471 forma
1209 3416 1322 3479 erant

164 3494 381 3604 implicitae.
436 3496 482 3574 In
503 3492 576 3574 hac
592 3515 726 3576 autem
746 3494 873 3577 forma
891 3499 1088 3608 explicata
1103 3528 1174 3611 par
1193 3536 1321 3617 quan·

166 3606 254 3686 titas
274 3608 336 3685 vel
356 3609 458 3686 notis
480 3605 611 3717 aperte
640 3609 847 3703 indicatur,
866 3610 927 3690 vel
952 3611 1030 3693 fine
1053 3614 1155 3695 notis
1183 3640 1320 3703 mente

165 3736 204 3796 et
235 3720 382 3799 ratione
409 3720 653 3828 concipitur:
693 3721 811 3801 Notae
836 3720 915 3803 istae
941 3721 1028 3804 sunt
1058 3724 1120 3805 vel
1151 3734 1321 3843 propriu

165 3831 336 3937 parium,
357 3833 419 3910 vel
446 3832 671 3939 negationes
692 3832 931 3941 imparium;
961 3835 1117 3944 parium
1136 3847 1319 3955 propriae,

166 3940 270 4033 idem,
284 3942 380 4052 quod
388 3973 402 4031 ,·
432 3962 524 4034 tum,
537 3941 675 4052 qudru5
704 3961 825 4038 tanto,
838 3964 976 4054 quanto
988 3979 1003 4039 ,·
1032 3965 1101 4042 tot,
1114 3973 1216 4058 quot.
1272 3959 1320 4037 In

165 4051 307 4160 quibus
327 4053 486 4160 fingulis
504 4074 683 4133 notarum
705 4055 860 4162 paribus
880 4059 989 4166 prior
1004 4086 1168 4169 quaeque
1188 4068 1320 4149 reddi·

165 4165 264 4242 tioni
285 4164 455 4258 inservit,
476 4166 666 4274 posterior
686 4164 778 4245 verb
805 4170 1091 4278 proposrtioni..
1135 4179 1257 4261 Catil.
1279 4207 1320 4284 4.

167 4274 286 4382 Cujus
304 4305 363 4355 res
378 4276 489 4385 gestu
507 4297 619 4387 utque
637 4278 802 4357 virtutes
821 4279 954 4386 iidem,
975 4282 1107 4392 quibus
1114 4291 1212 4397 striis
1229 4322 1321 4375 cur·

150 4385 236 4491 stus,
257 4389 464 4495 regionibus
482 4420 527 4471 uc
547 4389 714 4469 terminis
734 4392 980 4474 continentur.
