2956 4980
280 254 445 350 Literae
471 250 698 351 Richardi
724 257 1015 353 Protectoris.
1140 298 1218 378 339

62 451 188 535 prope
209 424 382 506 fortunas
401 446 573 507 avertere
598 448 776 523 conatur,
798 456 876 509 non
900 430 1150 509 committam
1174 451 1219 512 ut

65 537 172 646 apud
190 565 274 631 vos,
294 538 437 646 quibus
457 538 589 618 divina
611 561 804 649 praecepta
831 560 948 648 atque
973 540 1069 620 adeo
1089 542 1195 621 de
1157 572 1217 621 vr-

64 648 154 729 duis
174 649 413 758 pupillisque
434 676 513 728 non
528 653 798 759 opprimendis
817 652 1011 732 notiffima
1026 652 1100 730 effe
1120 681 1216 732 con-

63 758 160 853 fido,
182 761 360 866 graviore
380 761 460 840 ulla
487 763 679 841 utendum
703 762 973 843 cohortatione
991 781 1145 871 putem,
1166 791 1215 844 ne

61 869 141 950 hoc
160 869 367 950 fraudandi
385 873 640 981 privilegium
660 875 840 981 petitioni
866 874 975 952 istius
1001 874 1214 953 concedere

60 980 225 1172 velistisd
247 982 289 1061 id
308 985 415 1090 quod
436 1010 639 1092 nunquam
659 986 903 1066 concessuros
922 1013 989 1065 vos
1010 986 1083 1065 effe
1111 984 1220 1065 mihi

59 1120 133 1202 per
150 1119 198 1171 ua
227 1120 288 1172 eo.

121 1206 191 1285 W
171 1204 366 1315 stmonast
388 1234 433 1286 ex
452 1204 541 1285 Aul
536 1235 561 1284 a
578 1205 715 1315 nostra,

233 1315 336 1423 Jan.
360 1341 427 1424 27.
455 1317 574 1425 1658.

58 1579 282 1669 Richardus
315 1590 513 1670 Pretebior
544 1590 653 1699 Reip.
689 1589 859 1696 Angliae,
884 1589 962 1671 &a
993 1591 1124 1670 Sereni
1157 1623 1212 1673 me

122 1700 435 1812 Potentffmoque
456 1701 634 1810 Principi
650 1702 854 1782 Ludovico
878 1701 1016 1781 Gallice
1037 1703 1147 1809 Regi.

57 1846 305 1928 Sereniffime
321 1848 667 1955 Potentiflimeque
689 1851 794 1943 Rex,
815 1850 959 1930 Amice
979 1878 1023 1929 ac

228 1960 263 2038 F
263 1959 431 2041 oederate
451 1960 755 2068 Augustislime3

58 2084 402 2273 ACcepimus,
433 2084 551 2192 idque
578 2111 658 2164 non
684 2085 761 2164 fine
784 2084 933 2182 dolore,
957 2082 1179 2192 quasdam
1168 2115 1210 2166 in

196 2195 404 2275 Provincia
416 2198 562 2305 Prote
562 2214 667 2275 antes
680 2196 868 2276 Ecclesras
879 2195 927 2275 ab
940 2194 1102 2275 homme
1114 2225 1213 2303 quo

58 2303 153 2384 dam
172 2308 277 2386 male
297 2304 461 2386 feriato
450 2326 504 2386 rta
521 2306 680 2414 indigne
696 2307 864 2386 fuissem
880 2306 991 2385 sacris
1008 2309 1210 2385 concioni-

57 2413 132 2494 bus
165 2417 441 2526 interpellatos,
466 2438 512 2498 ut
544 2445 674 2497 cares
702 2416 1006 2544 magistratibus,
1034 2417 1082 2495 ad
1111 2446 1209 2525 quos

56 2525 175 2634 hujus
193 2528 313 2608 causae
332 2529 509 2636 cognitio
525 2529 786 2637 Grataianopoli
801 2557 851 2608 ex
871 2528 958 2635 lege
974 2528 1208 2637 pertinebat,

56 2664 169 2745 gravi
158 2640 517 2720 animadverfione
537 2641 656 2747 digna
672 2641 914 2720 censeretur.
944 2640 1008 2719 sed
1022 2640 1208 2718 Conven-

57 2767 145 2828 tum
163 2751 270 2830 Cleri
275 2752 370 2858 ,qui
389 2752 437 2831 iis
457 2753 498 2830 in
518 2752 614 2831 locis
628 2753 811 2860 proxime
794 2748 1057 2842 habebatur,
1076 2747 1209 2830 aMa-

45 2858 182 2967 jestate
204 2864 257 2940 V
237 2863 333 2969 βνα
364 2862 599 2970 impetrasse,
629 2881 673 2941 ut
702 2891 762 2941 res
792 2862 944 2968 integra
971 2861 1135 2964 Paristos
1159 2863 1208 2939 ad

57 2972 288 3052 Concilium
309 2974 485 3080 Regium
514 2993 782 3053 revocaretur:
814 2973 852 3050 A
880 2999 960 3078 quo
979 2975 1076 3049 dum
1105 2971 1207 3049 nihil

56 3077 484 3177 hastenusdecernitur,
497 3085 687 3164 Ecclesiae
699 3085 783 3162 illas
795 3101 834 3161 et
847 3081 1056 3191 praesertim
1069 3083 1206 3191 Aqua·

55 3192 220 3298 riensem,
250 3197 458 3274 convenire
493 3197 541 3273 ad
574 3195 785 3274 colendum
818 3194 954 3271 Deum
989 3191 1204 3297 prohiberi.

56 3303 365 3385 Vehementer
352 3324 485 3412 itaque
513 3302 757 3411 iMajellate
779 3304 908 3410 Vestra
934 3303 1055 3381 etiam
1089 3321 1205 3410 atque

56 3415 177 3494 etiam
205 3434 311 3524 peto,
339 3413 533 3524 primbm,
554 3435 598 3495 ut
625 3441 797 3522 quorum
825 3440 958 3521 preces
985 3412 1034 3490 ad
1062 3413 1202 3492 Deum

55 3553 129 3632 pro
148 3525 267 3606 salute
294 3526 360 3605 sua
387 3525 575 3632 rebusque
598 3527 730 3631 Regni
756 3524 947 3632 prosperis
975 3551 1054 3603 non
1083 3526 1205 3603 inter-

55 3635 167 3729 dicit,
188 3665 327 3717 eorum
352 3638 478 3716 coitus
506 3635 684 3744 publicos
709 3636 757 3714 ad
783 3635 1022 3744 precandum
1041 3636 1205 3714 interdi-

54 3772 142 3826 cere
163 3775 211 3826 ne
225 3748 346 3827 velit:
336 3745 509 3827 ·deinde
528 3764 573 3824 ut
586 3747 626 3825 in
644 3747 759 3826 illum
774 3744 980 3825 hominem
995 3773 1050 3823 rer
1040 3746 1206 3824 divinae

55 3857 389 3965 interpellatorem
404 3887 454 3937 ex
475 3857 659 3937 sententia
678 3846 838 3936 illorum
851 3855 1050 3961 judicum,
1062 3854 1205 3981 quibus

54 3962 121 4044 hu
104 3966 278 4071 jusmodi
293 3968 496 4048 causarum
510 3967 687 4075 legitima
701 3986 817 4074 atque
831 3963 1013 4044 consueta
1028 3965 1205 4068 cognitio

59 3994 319 4187 Giarranopol
302 4109 316 4159 a
288 4079 423 4159 ldata
442 4080 512 4172 est,
528 4079 869 4159 animadvertatur.
930 4075 1041 4154 Deus
1061 4073 1205 4181 Majes-

51 4204 168 4268 tatem
203 4191 366 4298 Vestram
398 4188 518 4298 quim
552 4191 779 4269 diuturnam
812 4206 929 4294 atque
961 4186 1206 4264 incolumem

52 4298 277 4395 conservet3
307 4321 353 4382 ut
371 4300 399 4380 fi
419 4301 503 4382 hac
526 4302 654 4381 nostra
672 4319 763 4379 vota
782 4299 891 4379 vobis
916 4315 1074 4404 accepta
1101 4295 1201 4388 sunt,

52 4410 223 4519 Deoque
247 4430 356 4520 grata
374 4413 450 4493 effe
474 4412 722 4506 existimatis,
743 4411 881 4491 eadem
906 4409 954 4488 ab
982 4407 1060 4485 illis
1086 4407 1206 4484 etiam
