2956 4980
158 219 181 273 2
615 176 844 277 Praefatio.

157 353 292 434 culam
311 383 407 436 cum
426 354 515 434 luce
534 355 790 463 conjungere,
802 383 924 465 quam
939 355 1094 435 minore
1108 380 1204 434 curn
1224 352 1311 432 luce

157 464 424 546 breviffimam
443 468 600 547 aliunde
620 467 834 563 illustrare;
855 496 949 548 cum
965 465 1044 546 hoc
1062 494 1142 545 non
1156 467 1310 545 minore

158 580 321 686 negotio
352 578 561 688 multoque
591 581 724 659 minus
754 581 966 660 commode
1003 578 1190 658 hactenus
1229 575 1308 671 fiat,

159 718 281 798 quam
301 692 329 770 fi
354 718 413 770 ars
439 691 521 799 ipsa
539 710 585 771 ut
604 719 708 770 nunc
728 690 862 801 suapte
885 692 999 801 copia
1019 690 1056 770 se
1074 689 1157 769 fuse
1181 690 1309 797 expli-

159 804 317 886 caverit.
378 808 516 913 Qam
535 804 627 883 artis
651 804 843 883 tradendae
868 806 1062 883 rationem
1086 802 1309 880 uberiorem

159 912 240 1021 ipse
264 917 385 994 etiam
404 917 549 993 Ramus
571 916 613 993 in
632 913 900 995 Arithmetica
926 935 967 994 et
985 914 1216 994 Geometria
1239 913 1310 992 ali·

160 1046 308 1133 quanto
341 1026 429 1134 post
455 1054 478 1105 a
507 1025 545 1104 se
575 1027 704 1129 editis,
731 1027 892 1108 edodtus
916 1026 1002 1133 jam
1025 1027 1203 1132 longiore
1227 1022 1309 1119 usu,

161 1137 314 1219 secutus
334 1139 414 1231 est;
445 1138 604 1246 suasque
623 1138 704 1248 ipse
723 1139 876 1246 regulas
894 1138 1096 1243 interjecto
1109 1164 1313 1218 commen-

161 1250 303 1330 tariolo
333 1251 574 1358 explanavit,
606 1278 687 1328 non
721 1251 808 1331 aliis
840 1250 1102 1359 explanandas
1136 1249 1311 1356 reliquit.

163 1366 352 1471 Qorum
362 1390 457 1441 cum
470 1362 649 1470 plerique
661 1361 790 1441 nescio
805 1391 854 1441 an
874 1363 1000 1441 nimio
1019 1360 1314 1440 commentandi

162 1473 290 1553 studio
310 1475 417 1566 elati,
438 1493 544 1553 certe
562 1476 692 1553 omnis
712 1472 892 1554 methodi
911 1474 1018 1582 quod
1038 1475 1079 1551 in
1099 1474 1146 1552 iis
1166 1473 1314 1551 mirum

162 1584 222 1677 fit,
234 1586 364 1678 obliti,
376 1588 511 1665 omnia
529 1586 803 1695 permisceant,
818 1586 1015 1695 postrema
1033 1586 1188 1693 primis,
1208 1585 1316 1662 axio·
1355 1586 1357 1593 '

161 1714 267 1776 mata
281 1697 534 1806 Syllogismos
546 1726 764 1806 eorumque
779 1700 931 1806 regulas
946 1699 1086 1806 primis
1096 1694 1315 1805 quibusque

163 1808 406 1917 simplicium
417 1830 744 1918 argumentorum
757 1811 951 1920 capitibus
966 1811 1144 1916 ingerere
1155 1808 1314 1901 soleant,

163 1923 267 1999 unde
293 1922 506 2031 caliginem
532 1923 664 2031 potius
690 1921 926 2001 discentibus
943 1921 1098 2001 offundi
1116 1947 1239 2028 quam
1258 1921 1317 1998 lu-

163 2059 253 2110 cem
280 2034 404 2113 ullam
430 2032 604 2142 praeferri
629 2033 778 2112 necesse
803 2034 874 2127 est,
901 2035 942 2112 id
968 2032 1072 2112 mihi
1097 2032 1316 2110 cavendum

163 2145 362 2252 imprimis
389 2146 488 2225 duxi
515 2167 559 2224 ut
586 2146 733 2253 nequid
759 2147 1024 2254 praeriperem,
1050 2144 1197 2252 nequid
1225 2171 1317 2252 prae·

164 2257 318 2364 postere
348 2257 456 2366 quafi
483 2258 673 2337 traditum
700 2255 787 2363 jam
813 2276 854 2335 et
877 2256 1137 2348 intelledtum,
1168 2254 1313 2362 nequid

164 2369 235 2447 nisi
262 2369 328 2449 suo
355 2369 444 2451 loco
469 2371 730 2477 attingerem
761 2367 864 2448 nihil
880 2369 1042 2460 veritus,
1060 2395 1110 2446 ne
1128 2367 1196 2447 cui
1215 2364 1315 2446 forte

164 2480 332 2561 strictior
351 2482 392 2559 in
413 2482 656 2590 explicandis
674 2481 877 2588 praeceptis
895 2479 1111 2572 existimer,
1129 2478 1229 2557 dum
1249 2506 1318 2587 per
1354 2478 1357 2551 l

164 2592 370 2701 pendenda
389 2594 516 2700 magis
536 2622 658 2702 quam
677 2593 938 2700 percurrenda
951 2617 1169 2700 proponere
1187 2590 1317 2669 stude-
1354 2554 1357 2671 l

165 2707 272 2784 bam.
333 2705 377 2784 N
379 2733 424 2786 ec
443 2725 576 2785 tamen
596 2706 644 2785 iis
663 2703 779 2783 facile
799 2703 1033 2795 assenserim,
1052 2703 1121 2812 qui
1140 2702 1318 2810 paucita-

166 2836 249 2897 tem
281 2819 509 2924 regularum
534 2817 728 2922 objiciunt
754 2817 887 2908 Ramo,
913 2844 1084 2924 quarum
1114 2813 1320 2923 permulta

163 2930 286 3008 etiam
313 2958 365 3008 ex
383 2929 584 3038 Arssotele
601 2930 651 3009 ab
676 2929 762 3007 aliis
787 2928 973 3020 coneda,
995 2927 1142 3006 nedum
1160 2954 1248 3034 quae
1271 2924 1318 3005 ab

164 3042 255 3149 ipsis
274 3042 439 3121 cumulo
459 3042 548 3121 sunt
566 3041 736 3146 adjeetae,
749 3039 813 3118 vel
832 3040 989 3119 incertae
1000 3037 1064 3117 vel
1078 3035 1228 3129 firtiles,
1243 3035 1321 3115 dis-

165 3173 324 3231 centem
343 3153 569 3260 impediunt
587 3175 705 3261 atque
724 3171 888 3231 onerant
914 3153 1047 3258 potius
1065 3177 1189 3257 quam
1207 3147 1319 3253 adju·

165 3282 282 3342 vant:
313 3292 359 3345 ac
372 3264 497 3370 fiquid
513 3262 660 3343 habent
678 3263 859 3344 utilitatis
873 3281 940 3342 aut
955 3261 1056 3355 salis,
1069 3262 1110 3340 id
1130 3260 1321 3365 ejusinodi

167 3374 238 3467 est,
255 3393 300 3453 ut
320 3373 456 3482 suopte
475 3377 637 3483 ingenio
655 3376 785 3482 quivis
805 3373 960 3453 facilius
979 3373 1185 3483 percipiat,
1199 3400 1320 3480 quam

169 3504 229 3565 tot
258 3487 473 3566 canonibus
500 3489 702 3566 memoriae
727 3487 937 3578 mandatis,
963 3485 1147 3565 addiscat.
1205 3482 1321 3564 Mul·

171 3614 290 3704 toque
310 3600 442 3677 minus
467 3599 667 3691 constitui,
685 3627 852 3678 canones
871 3597 1028 3703 quidvis
1053 3596 1322 3705 potiusquam

169 3710 357 3815 Logicos,
376 3737 399 3787 a
417 3708 638 3817 Theologis
656 3708 864 3804 infercire;
894 3736 995 3818 quos
1013 3710 1090 3802 illi,
1106 3708 1215 3816 quafi
1233 3706 1321 3787 sub-

171 3838 327 3898 ornatos
345 3820 387 3898 in
406 3820 521 3900 suum
538 3821 669 3914 usum,
682 3841 871 3929 tanquam
890 3849 912 3899 e
932 3821 1064 3899 media
1081 3821 1236 3926 Logica
1253 3846 1323 3930 pe·

171 3932 278 4022 titos,
295 3931 531 4040 depromant
554 3934 604 4012 de
624 3936 730 4026 Deo,
750 3931 967 4038 divinisque
991 3930 1262 4040 hypostasibus
1285 3949 1323 4009 et

171 4040 441 4136 hemmentis3
471 4073 643 4150 quorum
663 4046 826 4138 ratione,
845 4074 927 4151 quo
951 4044 1072 4123 modo
1091 4043 1149 4122 est
1165 4043 1217 4122 ab
1235 4042 1323 4152 ipfis

169 4151 396 4343 iarlriformata,
408 4153 511 4235 nibil
524 4157 794 4264 estaLogica,
807 4157 983 4264 adeoque
995 4159 1045 4235 ab
1059 4153 1143 4265 ipsa
1156 4155 1322 4248 ratione,

223 4292 350 4345 emus.

228 4376 343 4455 Prius
354 4397 489 4457 autem
500 4377 738 4513 qttarnoptm
754 4371 1123 4519 ipsamaggrodior,
1133 4378 1326 4487 quoniam
1354 4424 1357 4513 ζ
