2956 4980
166 233 244 311 160
563 215 691 311 Artis
716 215 902 346 Logicae
1102 214 1212 312 Lib.
1242 254 1284 311 2.

277 448 324 527 Si
324 448 497 559 saperem
515 448 639 529 dossas
657 447 794 558 odifflm
802 446 897 553 jure
900 448 1065 555 sorores,

333 562 503 640 Numina
522 561 662 641 cultori
670 560 968 669 pernicrbsastco.

276 675 337 752 At
356 702 455 753 nunc
476 671 615 782 (tanta
632 702 705 752 meo
725 703 837 754 comes
855 673 903 781 est
923 671 1066 778 nfirma
1084 669 1237 777 morbo)

331 786 436 865 Saxa
453 814 586 866 memor
604 785 726 893 restro
744 785 876 891 rurstts
893 783 947 865 ad
960 785 1037 866 issa
1049 782 1193 895 pedem.

221 959 441 1069 Proposrtio
452 960 522 1055 est,
528 960 573 1065 fi
575 959 763 1070 saperem,
777 959 912 1066 Musas
923 959 1082 1073 θάψω·
1103 959 1216 1066 cujus
1228 988 1325 1070 pro-

161 1071 403 1179 syllogismus
423 1072 479 1151 est
498 1073 546 1152 ab
566 1073 745 1178 adjuncta
768 1074 957 1183 pernicie.
1014 1072 1261 1181 Assumptio,
1281 1092 1322 1153 at

162 1213 241 1263 non
261 1185 353 1279 odi;
380 1211 466 1292 quae
483 1181 505 1263 i
525 1185 641 1264 fimili
661 1187 911 1292 exprimitur,
930 1201 975 1265 at
998 1213 1098 1264 nunc
1111 1183 1218 1291 strxa
1243 1212 1320 1264 me·

160 1325 252 1389 mor,
272 1299 348 1377 &e
408 1298 516 1402 Ergo
543 1324 622 1376 non
649 1295 782 1406 sapio:
813 1297 923 1403 cujus
946 1296 1208 1378 conclufionis
1232 1295 1320 1377 sen·

161 1409 282 1488 tentia
309 1409 351 1487 in
379 1405 597 1517 parenthesi
625 1409 704 1503 est;
734 1425 846 1489 tanta
867 1438 955 1502 meo,
975 1411 1052 1490 tec.
1111 1410 1251 1519 Atque
1278 1411 1318 1489 in

160 1518 238 1601 hoc
251 1521 445 1630 ‘exemplo
465 1521 520 1600 est
539 1520 795 1601 contradictio
814 1522 984 1630 propria.

216 1636 296 1713 Hae
313 1630 854 1742 duaesyllogffmispectisficnt
871 1632 1026 1714 omnium
1045 1630 1297 1739 usttatffmae.

217 1746 316 1826 Non
331 1745 440 1825 enim
459 1773 504 1824 ea
523 1742 652 1825 solirm
668 1763 900 1854 argumenta
914 1773 1001 1854 quae
1014 1746 1056 1824 in
1071 1743 1320 1854 simplicibus

159 1873 200 1935 et
217 1857 418 1963 disjunstis
438 1856 669 1966 syllogismis
686 1857 840 1966 disponi
864 1883 943 1937 non
966 1856 1134 1967 possunt,
1155 1857 1200 1936 in
1219 1884 1321 1937 con·

160 1969 271 2048 nexis
287 1966 401 2048 facile
416 1968 689 2078 disponuntur,
702 1968 765 2050 sed
785 1969 906 2049 etiam
925 1997 976 2049 ex
996 1969 1042 2048 iis
1057 1996 1144 2077 quae
1157 1968 1321 2078 possunt

160 2080 246 2160 aliis
266 2078 404 2160 formis
422 2081 620 2176 concludi,
641 2081 767 2162 multa
786 2083 828 2161 in
850 2078 913 2161 his
939 2079 1140 2190 speciebus
1159 2078 1320 2163 facilius

160 2211 201 2272 et
218 2194 442 2303 promptius
469 2194 783 2275 concluduntur:
814 2194 941 2272 immo
966 2192 1133 2281 nullum
1148 2194 1321 2274 omnino

160 2325 455 2413 argumentum,
475 2307 583 2417 quod
603 2308 644 2386 in
664 2304 935 2415 syllogismum
954 2304 1068 2386 usum
1087 2304 1227 2402 habet,
1247 2302 1320 2387 has

159 2419 329 2497 connexi
349 2417 492 2527 species
513 2416 671 2527 respuit.

217 2531 359 2609 Praeter
378 2527 450 2609 hos
462 2530 560 2611 duos
573 2528 741 2610 connexi
754 2527 966 2637 syllogismi
980 2529 1119 2610 modos
1131 2528 1318 2609 nonnulli

158 2639 256 2720 duos
273 2641 369 2721 alios
389 2642 601 2748 adjiciunt3
632 2669 804 2751 quorum
832 2643 939 2750 prior
958 2643 1063 2722 tollit
1080 2641 1317 2723 antecedens

160 2771 205 2832 ut
223 2753 335 2834 tollat
352 2752 605 2862 consequens,
626 2753 815 2866 posterior
833 2753 992 2834 assumit
1009 2754 1252 2862 consequens
1272 2773 1316 2833 ut

158 2866 368 2946 concludat
383 2866 627 2946 antecedens.
671 2867 717 2945 In
733 2893 833 2974 quos
849 2867 989 2946 modos
1003 2865 1072 2947 etsr
1086 2867 1315 2947 communis

159 2974 260 3059 sorte
280 2976 421 3072 sermo,
441 2980 536 3060 boni
556 2979 677 3059 etiam
705 2975 888 3058 authores
907 3004 1193 3088 nonnunquam
1212 2977 1315 3058 inci-

159 3089 273 3185 dunt,
294 3109 426 3170 tamen
445 3087 541 3171 cirm
560 3091 601 3170 in
622 3090 846 3199 syllogismo
874 3118 951 3169 non
972 3092 1114 3172 veritas
1165 3088 1316 3173 artium

159 3201 224 3281 sed
245 3203 442 3283 necessnas
468 3202 753 3312 consequentiae
776 3202 984 3311 spectetur,
1005 3118 1224 3283 tenenddm
1242 3198 1314 3295 est,

158 3313 314 3394 vitiosos
340 3316 414 3394 esse
439 3343 504 3395 eos
532 3315 670 3395 modos
690 3315 761 3422 qui
788 3342 838 3393 ex
858 3316 958 3395 veris
977 3343 1117 3395 verum
1136 3314 1257 3422 juxta
1273 3328 1315 3392 et

160 3423 300 3505 salsum
324 3426 479 3535 possunt
505 3427 751 3508 concludere.
813 3427 926 3507 Prior
951 3454 1046 3535 ergo
1075 3424 1144 3507 htc
1170 3424 1313 3506 modus

159 3539 231 3646 qui
250 3539 354 3617 tollit
373 3540 603 3619 antecedens
629 3539 686 3618 est
712 3539 852 3648 prioris
878 3538 1050 3645 legitimi
1069 3536 1180 3618 modi
1200 3566 1312 3648 para·

158 3649 362 3756 logismus,
376 3651 500 3731 affinis
514 3670 661 3758 negatae
680 3650 931 3758 assumptioni
951 3653 992 3731 in
1005 3650 1172 3731 secunda
1185 3650 1314 3762 specie

160 3761 370 3870 explicati:
403 3782 460 3856 ut,
466 3763 511 3868 fi
525 3765 623 3843 homo
642 3762 690 3871 est
708 3763 774 3856 leo,
781 3762 931 3869 sentit:
960 3793 1030 3845 noa
1048 3763 1098 3875 est
1115 3764 1197 3856 leo,·
1226 3790 1314 3869 ergo

158 3904 227 3954 non
233 3873 368 3983 sentit.
427 3875 482 3954 Et
500 3872 576 3955 hoc
591 3905 600 3954 ε
617 3875 662 3980 fi
679 3874 756 3957 Dio
781 3874 831 3982 est
855 3904 981 3985 equus,
1001 3875 1050 3983 est
1072 3875 1242 3956 animal:
1271 3893 1315 3956 at

158 4015 229 4066 non
247 3987 296 4093 est
314 4016 453 4096 equus,
482 4017 570 4094 ergo
588 4017 657 4067 non
677 3986 725 4092 cst
742 3987 894 4068 animal.
925 3986 973 4067 Si
986 4005 1114 4069 orator
1132 3987 1197 4098 est,
1216 3988 1316 4067 homo

160 4099 234 4206 ss.-
256 4099 385 4207 nonest
403 4117 556 4190 orat0r;
576 4129 662 4206 ergo
681 4128 747 4179 nec
763 4099 876 4179 homo.
917 4100 1012 4180 Hoc
1029 4100 1058 4179 fi
1078 4099 1129 4179 fic
1147 4098 1316 4180 resolvas

161 4213 202 4289 in
222 4209 430 4290 secundam
451 4211 620 4318 speciem
640 4212 842 4319 explicati,
854 4211 966 4291 omnir
983 4229 1113 4292 orator
1130 4211 1181 4319 est
1199 4211 1314 4304 homo,

160 4322 315 4403 fallacia
348 4322 511 4430 patebit.
573 4323 705 4402 Immo
731 4324 808 4402 fine
833 4323 903 4402 ista
928 4325 1156 4405 reductione
1179 4322 1315 4434 perse

160 4437 279 4516 etiam
298 4453 430 4543 patet:
463 4435 566 4514 tollit
580 4438 688 4514 enim
703 4435 949 4529 antecedens,
963 4436 1071 4544 quod
1090 4437 1225 4518 miuus
1242 4434 1313 4529 est,
