2956 4980
91 247 208 378 Cap.
233 262 272 344 8.
402 249 590 345 Plenior
617 246 865 347 Institutio
1166 288 1188 342 2
1196 289 1217 371 ς

55 422 201 515 braeus,
224 424 412 504 Proverb.
440 427 502 508 16.
523 451 564 528 4.
599 429 708 507 Deus
727 442 883 534 propter
897 424 945 529 se
959 424 1064 531 fecit
1081 425 1214 505 omnia.

61 537 264 615 Omnium
281 539 426 617 artium
442 538 498 617 est
512 538 671 646 aliquod
688 537 890 617 summum
907 535 1058 617 bonum
1074 556 1114 617 et
1129 537 1220 617 finis

60 666 283 742 extremus3
305 677 391 757 quae
409 668 448 728 et
468 677 604 729 earum
625 649 752 729 forma
767 649 844 728 est:
867 667 910 727 ut
925 651 1218 742 Grammaticae,

62 759 165 839 bene
185 760 320 868 loqui;
353 759 589 856 Rhetoricae,
614 760 714 842 bene
735 762 890 857 dicere;
921 762 1095 869 Logicae,
1120 761 1219 840 bene

63 891 301 951 ratiocinari.

122 985 245 1094 Qud
265 1002 400 1062 autem
419 982 548 1063 forma
568 983 655 1064 finis
674 1013 833 1093 quoque
854 984 928 1064 esse
945 985 1085 1093 potest,
1103 984 1219 1065 testa·

66 1116 129 1173 tur
145 1092 250 1175 haud
267 1095 387 1175 semel
398 1096 629 1204 Arssoteles,
654 1095 759 1176 Phil.
783 1096 821 1176 8.
843 1122 909 1198 24.
932 1117 971 1176 et
989 1094 1104 1204 Phys.
1121 1122 1159 1176 2.
1173 1122 1215 1203 7,

67 1207 107 1287 8.
139 1210 196 1287 Et
223 1209 339 1295 Plato
365 1208 407 1286 in
432 1208 598 1303 Philebo,
624 1209 825 1288 essentiam
848 1209 924 1289 five
950 1208 1121 1288 sormam
1149 1210 1220 1301 rei,

65 1320 329 1425 generationis
349 1318 470 1399 finem
490 1320 648 1400 statuit:
676 1320 780 1401 unde
794 1320 917 1429 Arss.
934 1320 983 1399 de
1003 1339 1103 1429 part.
1126 1348 1161 1399 1.
1182 1348 1216 1399 1.

66 1430 189 1511 idem.

120 1544 183 1622 Ut
208 1542 359 1636 sormae,
385 1543 505 1622 itaet
531 1543 619 1623 finis
642 1543 865 1622 distributio
886 1570 977 1621 vera
1003 1542 1111 1621 nulla
1136 1542 1217 1622 est:

64 1681 152 1761 quae
171 1654 292 1762 vulgb
312 1654 543 1749 efferuntur,
563 1683 642 1735 non
662 1655 750 1735 sunt
765 1655 908 1762 Logiei
927 1654 1014 1733 finis
1033 1654 1219 1733 distribu-

66 1768 207 1860 tiones,
220 1766 284 1846 sed
300 1766 529 1877 specialium
545 1768 686 1847 finium
702 1795 773 1875 pro
788 1770 972 1847 varietate
989 1766 1221 1846 effestorum

67 1878 348 1959 distinstiones.
407 1879 678 1988 Distinguitur
696 1879 745 1957 ab
763 1878 973 1988 Aristotele,
994 1879 1042 1958 de
1056 1880 1218 1972 Anima,

67 1990 94 2069 l.
117 2015 158 2070 2.
178 2016 221 2092 4.
239 1991 337 2098 finis
366 1991 487 2098 cujus,
507 1992 647 2099 etstm's
665 1991 753 2071 cui:
785 1991 873 2071 finis
896 1991 1021 2097 cujus,
1047 1990 1102 2070 est
1133 1989 1220 2069 finis

67 2130 209 2211 operae,
225 2103 300 2183 five
320 2103 529 2212 operandi;
552 2102 639 2184 finis
659 2106 741 2196 cui,
757 2102 812 2182 est
825 2103 911 2182 finis
932 2102 1049 2212 ipfius
1068 2103 1217 2211 operis:

67 2243 102 2296 e.
116 2241 156 2322 g.
178 2216 218 2293 in
238 2215 360 2295 domo
379 2214 625 2309 aedificanda;
657 2214 744 2294 finis
764 2215 889 2321 cujus,
911 2215 986 2294 five
1004 2242 1144 2324 operae,
1165 2214 1222 2293 est

67 2326 235 2420 domus;
264 2327 352 2407 finis
370 2328 452 2420 cui,
478 2327 553 2406 five
573 2328 690 2436 ipfius
709 2329 852 2435 operis,
866 2328 893 2406 i.
909 2356 944 2407 e.
967 2328 1107 2406 domus
1127 2327 1220 2405 aedi·

67 2437 203 2532 ficatae,
220 2440 276 2519 est
291 2439 471 2548 aptitudo
490 2440 538 2518 ad
559 2437 857 2518 habitationem.

123 2550 358 2630 Afferuntur
380 2569 420 2631 et
443 2551 526 2631 aliae
549 2550 841 2631 distributiones
865 2549 969 2643 finis,
997 2579 1082 2660 quae
1106 2550 1154 2630 ad
1174 2550 1221 2629 fi-

68 2688 162 2740 nem
181 2665 248 2742 cui
268 2664 464 2773 pertinent
480 2683 523 2743 ut
539 2692 588 2742 ex
601 2663 757 2770 Aristar.
773 2664 888 2770 Mag.
907 2691 1009 2741 mor.
1029 2691 1063 2743 1.
1083 2688 1122 2742 2.
1125 2663 1223 2771 finis

69 2774 568 2883 alrosssperseous,al1bs
589 2775 851 2884 impersesiu55
878 2775 954 2867 vel,
975 2774 1082 2882 quod
1114 2776 1221 2855 idem

68 2885 139 2979 est,
159 2915 210 2966 ex
230 2889 330 2980 aliis,
336 2885 433 2994 finis
451 2888 499 2994 ast
504 2887 687 2991 stammas,
708 2885 1064 2992 autsttbordinatus.
1101 2888 1220 2965 Sum·

69 3026 158 3077 mus
178 3017 312 3077 autem
331 2999 401 3091 est,
422 3001 491 3106 qui
513 3018 672 3108 propter
692 2999 728 3078 se
745 2999 971 3106 expetitur:
1003 2993 1136 3105 e'stque
1156 2998 1220 3077 vel

71 3110 308 3203 universalis,
329 3111 481 3189 omnib.
503 3111 650 3191 scilicet
669 3110 782 3189 rebus
802 3109 1041 3202 communis,
1057 3109 1121 3189 vel
1137 3109 1222 3218 spe·

70 3222 197 3315 cialis,
219 3224 363 3329 cuique
382 3221 524 3331 speciei
540 3223 747 3332 peculiaris
767 3240 806 3300 et
825 3223 1018 3358 proprius.
1077 3222 1223 3301 Subor-

70 3333 240 3413 dinatius
260 3355 394 3414 autem
422 3362 499 3413 non
527 3354 608 3414 tam
632 3335 719 3413 finis
746 3334 816 3427 est,
841 3361 962 3441 quam
987 3333 1223 3414 destinatum

69 3446 258 3552 quiddam
279 3447 327 3525 ad
348 3446 493 3526 finem:
525 3466 565 3526 et
589 3447 663 3526 etse
688 3446 888 3525 summum
908 3445 970 3523 vel
995 3444 1223 3525 subordina-

71 3575 174 3650 tum,
206 3558 280 3637 esse
307 3558 519 3638 universale
543 3559 605 3637 vel
633 3558 811 3667 speciale,
838 3558 887 3636 ad
918 3558 993 3636 alia
1021 3586 1127 3666 aeque
1160 3587 1222 3637 ar-

68 3689 258 3775 gumenta
291 3672 474 3778 pertinet,
499 3692 616 3779 atque
641 3670 688 3749 ad
715 3668 849 3748 finem.
912 3667 1128 3761 Postremo,
1158 3670 1222 3748 lex

70 3780 353 3861 distributionis
359 3782 474 3888 jubet
487 3801 614 3891 partes
626 3780 910 3861 distributionis
923 3781 996 3859 esse
1009 3782 1220 3890 oppositas:

71 3913 110 3971 at
131 3894 232 3972 inter
246 3893 447 3973 summum
463 3914 503 3973 et
518 3893 812 3973 subordinatum
828 3893 1020 4001 oppositio
1037 3892 1143 3971 nulla
1156 3893 1222 3974 est.

72 4004 139 4083 Ad
159 4032 297 4085 omnes
317 4007 439 4113 igitur
453 4006 635 4085 omnium
658 4032 789 4083 rerum
814 4003 908 4082 fines
932 4004 1223 4110 intelligendos,

73 4118 188 4196 unica
203 4116 291 4196 finis
307 4116 484 4197 definitio
504 4117 591 4196 satis
609 4116 687 4210 est3
710 4135 754 4195 ut
774 4117 812 4195 id
835 4116 879 4195 fit
898 4117 1008 4222 cujus
1024 4119 1148 4224 gratia
1166 4145 1224 4196 res

72 4230 152 4308 est:
183 4247 317 4309 utrum
342 4249 474 4308 autem
499 4229 544 4309 s1t
564 4230 738 4308 summus
759 4256 806 4306 an
828 4227 1111 4322 subordinatus,
1133 4229 1220 4306 uni-

73 4339 226 4420 versalis
244 4369 294 4420 an
314 4341 502 4448 specialis,
524 4341 564 4419 id
585 4341 733 4447 Logica
753 4368 830 4419 non
853 4340 1011 4449 spectat,
1037 4340 1100 4419 sed
1121 4334 1223 4419 inse-¹

72 4453 242 4534 rioribus
261 4452 460 4562 quibusvis
480 4452 694 4562 disciplinis
715 4452 914 4561 relinquit.
