2956 4980
158 225 235 333 328
268 163 278 190 ἱ
370 209 534 305 Literae
559 201 754 303 Oliverii
778 200 1075 301 Protedtoris·

158 385 200 463 in
212 383 322 465 vobis
336 383 453 489 longe
466 381 628 461 clariora
642 409 653 474 ;
674 378 817 486 quibus
831 405 951 486 regna
965 375 1102 484 resque
1117 372 1311 454 maximas

158 496 312 576 summa
330 522 425 574 cum
444 494 569 601 gloria
586 492 854 571 administrare
875 489 1035 568 discant.
1068 488 1165 594 Qa
1177 513 1237 565 res
1255 485 1311 563 uti

158 609 275 718 poffit
289 605 500 688 Eminentia
520 605 643 714 vestra
659 632 781 712 quam
797 599 1010 682 diutissimd
1029 625 1236 707 quamque
1255 595 1311 675 fe-

160 717 338 801 liciffime
358 746 492 826 gerere
518 717 565 796 ad
591 719 710 795 totius
730 715 856 823 Regni
876 713 1028 808 Gallici,
1048 713 1180 790 immo
1198 709 1311 790 totius

160 833 270 941 Reip.
294 831 517 939 Christiana
535 856 749 907 commune
768 827 934 919 bonum,
953 824 1209 930 vestrumque
1228 848 1312 930 pro·

159 946 293 1054 prium
312 942 445 1039 decus,
464 968 543 1020 non
562 939 746 1020 defutura
765 966 854 1018 mea
872 957 964 1018 vota
982 936 1193 1046 polliceor.

247 1070 303 1148 W
297 1064 553 1175 ssmonasterio
570 1092 617 1142 ex
636 1065 743 1144 Aula
762 1062 885 1172 nostra

346 1177 405 1258 die
423 1175 545 1285 Junii
560 1177 642 1257 An.
668 1176 717 1255 16
723 1175 790 1283 58.

516 1288 753 1377 Eminentiae
772 1286 919 1366 Vestrae
939 1281 1257 1371 studiofiffimus.

161 1661 361 1740 Oliverius
397 1662 595 1742 Protelior
637 1659 744 1769 Repo.
776 1656 947 1767 Angliae,
973 1655 1051 1737 &a
1095 1653 1230 1736 Sereni
1262 1684 1308 1734 mo

218 1773 529 1882 Potentffmoque
542 1773 721 1882 Principi
738 1772 884 1851 Carolo
905 1771 1081 1850 Gustavo
1103 1771 1308 1863 Succorum,

219 1883 434 1979 Gothorum,
458 1887 499 1964 V
492 1884 778 1996 andalorumque
798 1883 909 1991 Regi,
930 1885 1009 1969 &n

161 2045 406 2124 Sereniffime
428 2046 777 2152 Potentiflimeque
799 2045 904 2137 Rex,
925 2044 1070 2124 Amice

321 2184 366 2235 ac
386 2157 420 2234 F
421 2156 591 2237 oederate
613 2155 872 2251 Chariflime;

262 2282 404 2361 Uoties
423 2283 702 2361 communium
724 2282 946 2388 Religionis
965 2277 1141 2360 hostium
1162 2279 1310 2390 impor-

291 2413 385 2481 tuna
413 2394 572 2483 confilia
598 2393 797 2503 variasque
823 2410 923 2473 artes
954 2394 1172 2486 intuemur,
1201 2395 1311 2474 toties

160 2504 365 2598 nobiscum
385 2525 625 2614 reputamus,
646 2503 767 2613 quim
794 2505 1049 2589 neceffarium
1073 2503 1162 2584 orbi
1185 2503 1310 2612 Chris·

158 2616 274 2708 tiano,
300 2643 500 2723 quamque
539 2617 700 2708 salutare
740 2618 785 2707 fit
821 2616 1019 2711 futurum,
1046 2644 1127 2726 quo
1160 2614 1311 2696 facilius

159 2726 465 2816 adversariorum
500 2729 704 2808 conatibus
733 2730 782 2818 iri
808 2729 968 2810 obviam
995 2729 1123 2866 poffit,
1157 2728 1310 2809 Protes-

160 2841 328 2920 tantium
345 2839 548 2948 Principes
568 2841 670 2919 inter
690 2840 742 2935 se,
760 2858 800 2920 et
818 2842 1064 2950 potiffirnum
1080 2840 1312 2949 Majestatem

159 2953 318 3060 vestram
345 2979 439 3044 curn
466 2951 610 3060 Repub.
643 2952 770 3041 nostra
799 2953 1009 3040 aretiffimo
1038 2951 1185 3042 foedere
1218 2981 1312 3033 con-

154 3063 285 3171 jungi,
346 3065 392 3156 Id
417 3061 439 3142 i
465 3064 577 3145 nobis
597 3083 837 3173 quantopere
857 3064 916 3159 fit,
938 3083 1166 3174 quantoque
1187 3063 1312 3144 studio

160 3178 398 3284 expetitum,
420 3172 541 3284 quim
570 3174 741 3284 denique
773 3199 931 3283 gratum
962 3177 1075 3256 nobis
1105 3177 1312 3269 accidiffet,

160 3287 187 3364 fi
209 3289 405 3370 Suecorum
425 3288 637 3394 nostraque
657 3316 716 3378 res
736 3316 781 3367 ea
799 3289 1025 3379 conditione
1045 3315 1090 3377 ac
1109 3289 1200 3371 loco
1219 3287 1313 3369 fuis·

162 3398 257 3491 sent,
285 3418 329 3484 ut
362 3397 489 3489 fredus
523 3398 622 3486 illud
653 3428 704 3480 ex
738 3400 939 3508 utriusque
970 3400 1093 3488 animi
1127 3399 1313 3487 sententia

160 3509 311 3602 sanciri,
344 3510 519 3617 alterque
553 3511 663 3599 alteri
697 3513 1022 3621 opportuniffimo
1057 3512 1210 3598 auxilio
1241 3512 1313 3593 effe

159 3621 358 3730 potuiffet,
378 3621 612 3707 Oratoribus
625 3623 773 3718 vestris,
791 3652 842 3704 ex
862 3652 942 3732 quo
962 3619 1140 3734 primbm
1160 3623 1222 3708 illi
1239 3622 1313 3706 hoc

159 3733 264 3842 apud
281 3760 349 3812 nos
366 3752 545 3839 egerunt,
564 3735 746 3826 testatum
763 3736 1017 3815 reddidimus.
1056 3736 1205 3843 Neque
1219 3763 1312 3820 vero

160 3846 220 3926 illi
241 3846 307 3939 suo
325 3847 479 3925 muneri
494 3844 728 3943 defuerunt;
751 3848 814 3928 sed
833 3875 955 3957 quam
971 3848 1117 3936 caeteris
1138 3848 1178 3925 in
1199 3849 1311 3933 rebus

160 3959 458 4052 consueverunt,
479 3959 643 4043 eandem
663 3957 737 4039 hac
761 3989 920 4069 quoque
947 3962 988 4040 in
1012 3977 1121 4068 parte
1140 3961 1314 4068 prudeu-

161 4071 258 4151 tiam
289 4097 334 4147 ac
365 4069 613 4176 diligentiam
644 4071 921 4164 adhibuerunt.
980 4067 1135 4159 Verbm
1168 4099 1214 4150 ea
1247 4098 1314 4151 nos

159 4182 271 4274 domi
297 4181 573 4288 improborum
602 4183 752 4262 civium
780 4183 944 4293 perfidia
970 4184 1148 4273 exercuit
1177 4185 1315 4291 quiin

160 4292 281 4383 fidem
297 4292 431 4402 saepius
447 4294 609 4402 recepti,
624 4323 682 4374 res
699 4323 818 4375 novas
839 4314 972 4377 tamen
992 4295 1141 4388 moliri,
1162 4314 1203 4375 et
1221 4322 1313 4378 curn

158 4404 356 4500 exulibus,
386 4406 505 4487 etiam
533 4433 627 4485 cum
651 4405 827 4492 hostibus
847 4405 1026 4518 Hispanis
1050 4403 1209 4497 discutio
1230 4409 1313 4514 jam
