2956 4980
154 269 239 352 454
452 219 747 321 Prolusiones
771 227 1013 320 Oratoriae.

163 403 322 518 Tyrestae
336 403 464 482 satum
480 418 665 510 expertus
678 400 793 480 firm?
823 427 948 507 ecqua
963 427 1028 479 me
1042 394 1215 504 Theffala
1231 392 1312 500 sagn

163 520 321 624 magico
348 513 525 625 perfudit
552 514 782 620 unguento?
812 540 861 591 an
890 512 1061 619 denique
1087 536 1164 616 ego
1184 504 1209 586 ‘a
1228 506 1313 584 Deo

166 630 299 735 aliquo
328 628 501 719 vitiatus,
532 643 576 702 ut
608 624 708 705 olim
736 626 905 717 Gnaeus,
924 624 1155 702 virilitatem
1184 620 1316 728 pasius

167 740 253 819 sum
274 739 397 848 stupri
417 738 606 846 pretium,
619 755 663 814 ut
676 737 727 816 fic
741 754 900 845 repente
919 733 958 816 ἐκ
975 733 1122 829 θηλείας
1135 729 1183 822 εἷς
1201 727 1319 846 ἄρξενά

167 849 396 954 dumoso
408 845 477 930 ob?
525 850 564 927 A
580 847 831 956 quibusdam,
843 847 977 927 audivi
990 873 1117 954 nuper
1129 839 1317 923 Domina.

170 965 228 1042 At
248 991 319 1043 cur
337 962 473 1041 videor
496 959 574 1039 illis
598 987 739 1069 parum
763 959 983 1041 masculus?
1040 957 1191 1066 Ecquis
1211 952 1320 1059 Pris-

173 1074 277 1155 ciani
301 1073 456 1182 pudor?
487 1073 590 1151 itane
624 1073 783 1181 propria
811 1100 897 1180 quae
928 1069 1101 1150 maribus
1133 1068 1321 1147 foemineo

179 1187 316 1296 generi
335 1184 513 1264 tribuunt
531 1182 662 1263 insulfi
677 1181 1035 1264 Grammaticastri!
1066 1180 1215 1260 scilicet
1233 1181 1322 1287 quia

178 1295 354 1406 Scyphos
374 1295 639 1406 capacissimos
654 1324 857 1404 nunquam
868 1296 972 1375 valui
991 1294 1213 1402 pancratice
1228 1291 1323 1370 bau-

179 1411 281 1502 rire;
312 1426 379 1488 aut
397 1408 491 1515 quia
512 1434 652 1487 manus
673 1407 840 1488 tenendd
855 1407 950 1486 stiva
964 1433 1041 1485 non
1062 1405 1248 1498 occaluit,
1260 1422 1326 1482 aut

177 1523 271 1630 quia
290 1547 495 1626 nunquam
514 1520 562 1597 ad
587 1521 852 1600 meridianum
878 1520 1013 1598 Solem
1038 1514 1199 1626 supinus
1221 1515 1325 1622 jacui

177 1633 371 1742 septennis
390 1630 608 1726 bubulcus;
639 1629 791 1711 fortasse
811 1633 975 1711 demum
995 1629 1102 1738 quod
1122 1654 1324 1736 nunquam

179 1773 244 1824 me
264 1743 395 1822 virum
414 1743 589 1851 praestiti,
608 1773 655 1822 eo
675 1744 796 1823 modo
815 1771 896 1852 quo
919 1742 980 1822 illi
999 1743 1234 1822 Ganeones:
1264 1767 1326 1816 ve·

181 1884 270 1935 rum
288 1856 440 1934 utinam
456 1855 516 1934 illi
532 1856 675 1963 poffint
690 1876 771 1935 tam
784 1852 898 1935 facile
910 1882 1053 1934 exuere
1064 1853 1327 1961 asinos,quam

182 1994 258 2074 ego
276 1966 468 2073 quicquid
488 1967 544 2046 est
566 1966 760 2060 foeminae3
791 1986 831 2046 at
849 1968 977 2046 videte
995 1993 1117 2075 quam
1140 1963 1328 2053 insubide,

183 2105 305 2188 quam
332 2077 544 2183 incogitate
571 2076 673 2157 mihi
697 2079 912 2186 objecerint
935 2078 990 2172 id,
1013 2077 1121 2185 quod
1147 2103 1224 2184 ego
1244 2075 1329 2181 jure

183 2192 338 2300 optimo
360 2187 462 2267 mihi
481 2209 631 2269 vertam
658 2190 805 2297 gloriae.
864 2191 1054 2297 Namque
1082 2207 1122 2269 et
1148 2188 1230 2298 ipse
1250 2189 1330 2268 De·

184 2302 373 2411 mosthenes
392 2300 441 2379 ab
460 2301 610 2381 aemulis
638 2302 936 2410 adversariisque
963 2328 1102 2412 parum
1121 2302 1182 2380 vir
1209 2299 1331 2380 didius

186 2415 255 2494 est.
314 2414 367 2518 Q
394 2413 534 2492 itidem
555 2415 778 2519 Hortensius
805 2414 988 2494 omnium
1010 2415 1228 2493 Oratorum
1251 2409 1332 2520 post

188 2528 252 2605 M.
280 2524 453 2617 Tullium,
475 2524 719 2618 clariffimus,
741 2525 919 2634 Dionyſsa
940 2524 1099 2606 Psaltria
1118 2523 1333 2632 appellatus

188 2636 243 2715 est
263 2631 285 2713 *a
305 2637 358 2713 L.
383 2631 584 2746 Torquato.
646 2639 726 2716 Cui
747 2638 828 2732 ille,
850 2638 1041 2746 Dionyſsn,
1063 2638 1210 2743 inquit,
1232 2635 1333 2714 malo

189 2748 376 2855 equidem
399 2746 488 2841 else,
508 2775 628 2853 quam
648 2750 756 2856 quod
777 2768 819 2828 tu
841 2746 1042 2859 Torquate,
1062 2743 1213 2856 ἄμουσος
1231 2746 1333 2851 ἀγρο-

191 2856 333 2955 dlarror,
354 2856 560 2963 οἷπρὸσυτος.
621 2863 710 2967 Ego
734 2889 826 2941 vero
855 2861 1046 2969 quicquid
1074 2860 1150 2939 hoc
1169 2858 1334 2940 Domini

191 2990 258 3051 aut
278 2972 465 3051 Dominae
485 2968 581 3050 esti
612 3000 675 3050 me
704 2973 822 3080 longe
850 2975 1017 3053 amolior
1043 2991 1161 3078 atque
1190 2971 1334 3077 rejicio,

193 3083 263 3161 nisi
283 3084 323 3160 in
345 3082 474 3162 rostris
490 3102 607 3189 atque
622 3083 809 3164 subselliis
830 3085 978 3175 vestris,
1000 3085 1251 3176 Academici,
1268 3083 1336 3161 do-

193 3195 335 3272 minari
363 3221 443 3273 non
468 3196 600 3302 cupio.
663 3197 766 3304 Qis
786 3196 873 3302 jam
899 3195 1124 3306 prohibebit
1150 3223 1216 3273 me
1242 3195 1337 3302 quin

194 3307 297 3384 laetar
330 3326 411 3386 tam
445 3306 642 3414 auspicato
675 3328 714 3387 et
746 3306 869 3387 foelici
903 3310 1052 3401 omine,
1087 3308 1338 3414 exultemque

194 3418 337 3522 gaudio
369 3445 433 3496 me
466 3420 580 3497 tantis
612 3421 703 3499 viris
734 3419 905 3525 ejusdem
932 3420 1135 3531 opprobrii
1159 3417 1339 3498 societate

195 3529 475 3632 conjunstum!
536 3531 690 3610 lnterea
710 3551 755 3611 ut
771 3532 893 3613 bonos
913 3561 1049 3612 omnes
1069 3551 1109 3610 et
1123 3531 1339 3641 praestantes

198 3638 310 3746 supra
331 3639 521 3718 invidiam
546 3641 689 3748 positos
708 3643 887 3736 arbitror,
909 3646 962 3723 ita
989 3643 1060 3724 hos
1087 3643 1227 3722 lividos
1247 3642 1340 3722 adeo

197 3751 380 3831 omnium
402 3750 558 3830 infimos
576 3772 688 3860 put0,
710 3772 754 3834 ut
781 3782 829 3833 ne
858 3757 970 3863 digni
997 3757 1069 3835 fint
1088 3756 1158 3863 qui
1176 3753 1342 3834 maledi-

196 3882 299 3943 cant.
360 3864 426 3942 Ad
452 3863 552 3942 filios
580 3865 710 3973 itaque
736 3887 846 3975 pater
865 3897 930 3948 me
951 3888 1153 3961 converto,
1173 3892 1343 3975 quorum

197 4001 314 4054 cerno
337 3973 552 4083 speciosum
574 4005 800 4074 numerum,
815 3999 855 4059 et
873 3982 987 4061 video
1008 3982 1131 4060 etiam
1147 3981 1190 4086 lp
1203 3978 1336 4059 idulos

198 4085 411 4166 nebulones
431 4088 587 4168 occulto
607 4109 704 4169 nutu
734 4120 798 4170 me
820 4112 971 4198 patrem
996 4092 1126 4172 fateri.
1186 4092 1252 4170 De
1274 4117 1343 4168 no-

199 4197 371 4276 minibus
392 4201 589 4305 quaeritis?
649 4203 759 4283 Nolo
780 4204 847 4282 sub
869 4206 1093 4284 nominibus
1106 4201 1343 4283 serculorum

111 4413 117 4419 μ
199 4309 299 4389 filios
320 4337 427 4390 meos
454 4312 667 4420 epulandos
688 4316 797 4396 vobis
819 4318 983 4410 tradere,
1005 4317 1044 4398 id
1066 4319 1173 4396 enim
1199 4313 1348 4397 Tantali
