2956 4980
175 231 256 310 206
406 216 569 312 Literae
595 218 788 310 Senatus
813 210 1085 345 Anglicani.

169 392 295 473 allatis
325 393 453 502 deque
488 393 598 474 novis
631 393 752 472 etiam
783 391 939 472 tributis
972 390 1043 471 fibi
1073 392 1303 503 impositisi

169 504 360 695 praeseffls
380 505 541 614 aliisque
567 503 800 585 officialibus
826 503 1044 584 vestrorum
1070 522 1255 616 'portuum
1272 526 1304 586 et

184 645 349 698 ocorum
369 617 439 699 ubi
458 617 615 726 negotia
637 614 796 710 habent,
818 634 858 696 et
877 616 1116 698 nominatim
1129 618 1172 697 in
1191 618 1300 698 insulis

172 729 363 824 Canariis,
388 730 507 838 idque
534 747 668 809 contra
693 726 849 808 foederis
875 728 1059 809 articulos
1082 757 1184 839 quos
1207 759 1299 811 com·

171 843 311 922 mercii
339 842 450 921 causa
480 860 644 949 utraque
676 842 782 921 natio
814 841 916 919 inter
946 840 982 918 se
1011 841 1154 921 sanxit.
1213 844 1300 952 Qus

169 981 309 1033 eorum
324 952 501 1061 querelas
520 981 628 1032 veras
653 950 727 1032 esse
744 952 996 1059 jurejurando
1023 953 1298 1033 confirmavere.

172 1064 377 1174 Nobisque
390 1064 670 1159 demonstrant,
685 1065 756 1143 nifi
766 1064 830 1170 jus
846 1063 960 1144 suum
974 1063 1153 1146 obtinere
1166 1067 1301 1175 poffint,

170 1177 315 1285 suaque
339 1178 481 1256 damna
505 1177 771 1270 resarciantur,
791 1176 861 1254 nifi
883 1175 1055 1284 denique
1076 1196 1216 1258 contra
1235 1179 1303 1257 viru
1345 1270 1348 1291 Ι

168 1289 385 1370 istiusmodi
410 1309 527 1398 atque
551 1289 709 1396 injurias
728 1287 947 1397 praefidium
970 1288 1131 1397 aliquod
1150 1308 1302 1382 certum,
1346 1294 1348 1301 '

169 1421 287 1510 atque
304 1402 468 1483 tutelam
484 1421 525 1483 et
536 1400 605 1480 fibi
620 1419 659 1480 et
674 1399 841 1480 fortunis
853 1398 929 1480 suis
945 1398 1121 1482 habituri
1137 1402 1226 1496 fint,
1240 1426 1303 1481 nou

168 1513 273 1623 posse
293 1513 331 1593 se
349 1513 519 1623 amplius
534 1515 581 1594 iis
601 1515 642 1592 in
659 1512 754 1593 locis
766 1513 973 1620 negotiari.
1006 1513 1167 1622 Qibus
1181 1540 1304 1595 eorum

168 1627 338 1733 querelis
353 1627 523 1734 graviter
541 1622 563 1705 l
579 1625 690 1705 nobis
704 1623 915 1734 perpensis,
929 1652 1102 1734 cumque
1116 1625 1220 1706 facta
1231 1624 1305 1705 illo

168 1766 259 1817 rum
278 1738 548 1818 ministrorum
575 1737 723 1845 iniqua,
745 1754 910 1815 autnon
931 1739 1097 1819 omnino
1122 1757 1192 1818 aut
1214 1737 1308 1818 secut

167 1847 290 1956 quim
309 1877 368 1930 res
388 1848 425 1930 se
445 1847 564 1929 habet
582 1849 630 1928 ad
651 1849 833 1928 notitiam
846 1848 979 1957 vestrae
998 1848 1217 1959 Majestatis
1228 1876 1309 1961 per-

168 1961 310 2042 venisse
322 1961 609 2055 existimemus,
622 1960 751 2040 visum
762 1959 819 2040 cst
830 1961 943 2040 nobis
955 1960 1053 2070 ipsas
1068 1990 1209 2042 eorum
1221 1988 1312 2071 que-

168 2073 264 2153 relas
294 2101 388 2154 cum
414 2072 519 2154 hisce
548 2072 686 2154 litteris
715 2072 763 2152 ad
791 2071 1026 2181 Mry'qsatem
1053 2075 1216 2183 uessram
1242 2071 1315 2155 uni

167 2187 348 2281 mittere;
380 2214 452 2266 nec
480 2185 704 2265 dubitamus
735 2185 833 2293 quin
864 2185 1045 2294 Mcy‘estas
1068 2187 1197 2295 vestra
1225 2214 1317 2267 cum

167 2298 450 2407 ipfiusjustitiae
462 2325 595 2378 amore
609 2317 695 2377 tum
707 2298 826 2376 etiam
839 2297 1070 2378 commercii
1083 2300 1200 2380 causfi
1212 2299 1316 2409 quod

166 2411 301 2492 vestris
319 2409 426 2490 haud
446 2412 577 2490 minus
593 2437 714 2518 quam
733 2408 871 2490 nostris
890 2407 1118 2490 hominibus
1138 2409 1315 2492 fructuo-

167 2522 253 2601 sum
274 2522 343 2615 est,
361 2522 435 2603 suis
456 2524 665 2631 praecipere
681 2522 778 2601 velit
790 2539 834 2600 ut
849 2521 896 2601 ab
912 2523 1057 2630 iniquis
1071 2522 1149 2603 illis
1164 2524 1317 2605 nostro·

166 2661 256 2713 rum
289 2634 561 2714 vexationibus
593 2633 823 2726 abstineant,
863 2653 985 2742 utque
1023 2632 1140 2741 hujus
1175 2636 1319 2716 Gentis

165 2765 398 2826 mercatores
414 2745 639 2856 expeditam
652 2744 847 2853 justitiam
866 2745 1042 2826 obtinere
1055 2766 1205 2855 queant
1225 2776 1318 2828 nec·

166 2885 245 2937 non
260 2858 435 2939 debitam
455 2886 590 2938 earum
611 2848 847 2963 injuriarum
864 2859 1168 2968 reparationem,
1190 2859 1320 2968 quaed

166 2971 346 3051 Domino
362 2974 478 3052 Petro
491 2970 534 3050 de
551 2970 693 3051 Carillo
705 2969 747 3050 de
760 2972 950 3064 Guzman,
967 2988 1083 3078 atque
1099 2971 1188 3050 aliis
1204 2973 1321 3052 illatae

166 3083 236 3162 fibi
262 3084 365 3177 sunt,
388 3102 523 3163 contra
552 3082 753 3192 praedictos
777 3081 934 3162 soederis
963 3082 1163 3178 articulos,
1195 3104 1320 3194 utque

165 3197 353 3305 perficere
372 3194 468 3276 velit
481 3195 661 3304 Majestas
678 3194 801 3303 vestra
821 3213 866 3275 ut
880 3194 1053 3304 praedisti
1069 3195 1319 3278 Mercatores

164 3306 339 3388 frustum
369 3307 530 3388 illorum
561 3307 817 3387 articulorum
850 3308 1051 3416 percipere
1083 3330 1246 3415 queant,
1275 3311 1318 3389 in

164 3447 286 3527 eaque
310 3418 434 3498 vestra
458 3418 579 3498 tutela
604 3420 689 3514 fint,
719 3437 764 3497 ut
790 3438 871 3498 tam
899 3418 970 3529 ipsi
999 3447 1121 3528 quam
1150 3418 1319 3501 fortunae

164 3531 237 3609 suae
254 3530 302 3610 ab
323 3533 432 3610 omni
453 3531 593 3637 injuria
613 3530 742 3610 liberae
761 3550 801 3611 et
819 3531 1039 3611 incolumes
1061 3531 1136 3610 effe
1157 3533 1314 3641 poffint.

163 3644 257 3723 Hoc
277 3664 411 3724 autem
434 3670 575 3749 magna
595 3670 645 3721 ex
664 3661 773 3751 parte
793 3642 1066 3723 consecuturos
1087 3642 1124 3723 se
1144 3644 1220 3724 effe
1240 3673 1315 3754 pu·

162 3774 259 3849 tant,
284 3755 311 3835 fi
338 3756 565 3865 ademptam
590 3753 660 3833 fibi
684 3754 792 3834 illam
819 3754 867 3834 de
888 3755 1023 3861 judice
1046 3755 1316 3836 conservatore

163 3867 389 3949 schedulam
417 3867 488 3976 qui
513 3895 579 3946 eos
606 3863 753 3945 inovo
776 3866 950 3975 quodam
972 3866 1188 3947 Consulatu
1212 3869 1256 3947 in
1280 3868 1316 3948 se

162 3980 324 4088 quidem
355 3981 550 4088 iniquiore
583 3976 780 4070 defendat,
813 3977 995 4087 Majestas
1028 3979 1153 4089 vestra
1187 3979 1317 4060 rursus

160 4090 410 4186 concefferit3
443 4120 491 4171 ne
522 4090 547 4169 fi
578 4089 732 4168 nullum
761 4089 809 4169 ab
841 4090 982 4197 injuria
1011 4089 1214 4199 refugium
1243 4092 1316 4171 fibi

159 4204 288 4297 detur,
301 4203 485 4312 abrumpi
501 4201 599 4280 illud
612 4203 899 4283 commercium
912 4204 1019 4310 quod
1033 4207 1191 4311 utrique
1203 4206 1315 4312 genti

159 4315 370 4396 commoda
385 4313 491 4394 haud
506 4340 625 4422 parva
641 4312 788 4407 attulit,
800 4314 954 4395 violatis
967 4312 1073 4396 hunc
1087 4315 1128 4394 in
1145 4317 1315 4397 modum

159 4427 315 4509 foederis
335 4427 524 4519 articulis,
546 4427 692 4506 necesse
709 4425 767 4505 fit.

165 4591 169 4597 -
246 4538 566 4649 Westmonasterr'o.
626 4538 805 4646 Augusti,
832 4540 951 4645 1651.
