2956 4980
458 251 749 351 Prolufioncs
775 258 1013 352 Oratoriae.
1229 297 1311 381 427

155 422 298 505 fundat
329 427 479 520 Flores,
501 428 582 536 qub
612 430 782 538 denique
808 427 978 510 Phoebe'ae
1010 429 1180 511 Citharae
1211 459 1312 511 nun-

157 564 280 644 quam
300 541 524 648 pervenerit
543 539 668 621 sonus.
727 542 877 621 Divina
895 559 999 620 certe
1013 543 1140 622 Poesrs
1160 543 1219 636 ed,
1232 544 1311 651 qud

156 649 312 731 coelitus
341 652 542 761 impertita
566 652 635 746 est,
660 654 804 732 virtute
831 651 1013 731 obrutam
1042 654 1191 733 terreni
1219 653 1310 734 faece
1350 743 1357 754 ,

157 763 332 841 animam
354 765 394 841 in
415 763 581 842 sublime
600 762 831 857 exuscitans,
852 765 954 844 inter
972 764 1062 844 coeli
1083 764 1230 873 templa
1250 766 1310 845 lo·

155 890 235 965 cat,
256 894 296 953 et
322 875 429 982 quasi
450 876 647 955 Neslareo
675 874 800 956 halitu
821 873 969 968 afflans,
990 895 1191 985 totamque
1220 905 1310 986 per-

156 981 326 1065 fundens
356 987 578 1079 Ambrofia,
599 988 797 1068 coelestem
827 978 1122 1095 quodaminodo
1153 987 1312 1069 instillat

157 1095 460 1190 beatitudinem,
487 1117 527 1178 et
557 1099 757 1207 quoddam
789 1099 1012 1179 immortale
1037 1099 1228 1206 gaudium
1252 1102 1312 1179 in-

157 1206 336 1288 susurrat.
416 1206 631 1290 Rhetorica
669 1212 719 1290 fic
751 1212 902 1290 animos
940 1212 1047 1319 capit
1083 1209 1310 1306 hominum,

157 1319 336 1429 adeoque
357 1318 523 1400 suaviter
543 1323 582 1400 in
603 1323 759 1402 vincula
785 1322 972 1431 pelledtos
998 1322 1084 1431 post
1109 1321 1145 1402 se
1175 1323 1310 1418 trahit,

158 1448 203 1509 ut
223 1459 329 1511 nunc
348 1432 396 1512 ad
416 1432 722 1515 misericordiam
741 1461 969 1544 permovere
988 1433 1126 1526 valeat,
1147 1437 1311 1514 nuncin

158 1542 298 1622 odium
319 1572 467 1652 rapere,
489 1572 593 1624 nunc
612 1544 660 1624 ad
680 1547 867 1625 virtutem
885 1543 1069 1623 bellicam
1085 1546 1309 1640 accendere,

159 1681 267 1734 nunc
286 1655 334 1734 ad
354 1674 630 1766 contemptum
650 1659 787 1736 mortis
802 1655 980 1737 evehere.
1023 1655 1199 1736 Historia
1218 1659 1309 1767 pul·

160 1765 257 1845 chre
277 1768 508 1847 concinnata
529 1793 632 1848 nunc
648 1770 844 1876 inquietos
860 1768 983 1846 animi
997 1767 1192 1847 tumultus
1206 1769 1311 1849 sedat

160 1895 202 1957 et
232 1881 451 1989 componit,
480 1908 585 1959 nunc
615 1878 838 1960 delibutum
864 1879 1009 1986 gaudio
1044 1879 1186 1973 reddit,
1212 1909 1309 1961 mox

159 2009 298 2070 evocat
327 1988 562 2098 lachrymas,
582 1990 647 2071 sed
673 1992 788 2070 mites
813 2018 875 2071 eas
900 2009 940 2070 et
965 2009 1134 2100 pacatas,
1160 2011 1198 2071 et
1225 2020 1310 2100 quae

161 2101 307 2182 moestae
336 2102 465 2183 nescio
491 2103 588 2211 quid
613 2104 824 2212 voluptatis
856 2102 988 2182 secum
1018 2101 1193 2183 afferant.
1252 2106 1311 2185 At

161 2240 254 2292 vero
275 2211 406 2294 sutiles
427 2212 500 2307 hae,
520 2242 593 2294 nec
621 2242 700 2294 non
729 2213 894 2323 strigosae
920 2214 1199 2308 controversia,
1220 2243 1308 2295 ver-

161 2325 384 2433 borumque
404 2325 646 2406 velitationes
672 2328 709 2405 in
730 2325 1026 2407 commovendis
1045 2327 1169 2404 animi
1188 2325 1308 2407 affec-

163 2434 282 2530 tibus,
317 2455 422 2517 certe
453 2437 609 2517 nullum
643 2436 789 2517 habent
820 2438 1066 2544 imperium;
1110 2437 1308 2544 stuporem

160 2548 352 2629 duntaxat
370 2567 410 2628 et
430 2551 676 2658 torpedinem
702 2549 901 2629 accersunt
925 2548 1113 2655 ingenio;
1145 2550 1307 2656 proinde

162 2662 365 2740 neminem
386 2660 596 2754 oblectant,
610 2661 680 2740 nisr
700 2664 769 2769 qui
788 2660 962 2769 agrestis,
976 2680 1015 2739 et
1035 2657 1173 2740 hirsuti
1193 2662 1308 2771 plane

163 2773 330 2879 pettoris
363 2771 433 2866 est,
454 2774 602 2881 quique
632 2801 683 2853 ex
710 2800 849 2853 arcano
882 2771 1054 2881 quodam
1081 2773 1233 2879 impetu
1260 2774 1308 2853 ad

164 2882 252 2963 lites
272 2903 311 2963 et
327 2884 475 2963 dissidia
495 2884 694 2994 proclivis,
710 2904 748 2965 et
768 2885 923 2992 insuper
942 2882 1144 2990 impendio
1163 2882 1309 2991 loquax

164 2991 187 3073 a
206 2999 309 3077 resta
328 3014 368 3075 et
387 2996 473 3075 sana
493 2995 678 3105 sapientia
697 2995 881 3076 abhorret
896 2994 1048 3104 semper
1063 3013 1178 3101 atque
1198 3024 1308 3076 aver-

165 3107 274 3186 titur.
334 3107 581 3187 Amandetur
600 3109 730 3217 itaque
747 3135 840 3187 cum
857 3107 931 3186 suis
947 3106 1207 3214 captiunculis
1224 3106 1310 3188 sane

165 3219 229 3298 vel
252 3220 294 3298 in
314 3239 492 3300 montem
514 3218 733 3325 Caucasum,
755 3237 821 3299 aut
846 3218 966 3298 ficubi
994 3237 1186 3296 terrarum
1212 3247 1311 3299 caeca

165 3330 392 3411 dominatur
413 3330 628 3424 Barbaries,
649 3329 783 3439 ibique
810 3329 1068 3409 subtilitatum
1095 3327 1250 3408 suarum
1271 3354 1311 3413 et

163 3442 446 3550 praestigiarum
466 3462 586 3549 ponat
604 3443 817 3534 officinam,
839 3461 878 3522 et
897 3469 969 3549 pro
992 3440 1108 3519 libitu
1128 3440 1176 3519 de
1197 3443 1311 3526 rebus

167 3552 283 3632 nihili
303 3571 482 3661 torqueat
502 3572 542 3633 et
564 3575 681 3662 angat
705 3553 756 3647 se,
778 3552 1014 3661 usquedum
1041 3553 1163 3631 nimia
1183 3552 1312 3635 solici-

167 3666 279 3758 tudo,
301 3666 425 3744 veluti
447 3666 685 3745 Promethsus
705 3667 771 3746 ille
792 3666 923 3745 vultur
942 3693 1011 3744 cor
1029 3664 1218 3757 exederit,
1241 3695 1311 3775 pe·

167 3777 348 3885 nitusque
368 3776 607 3856 absumserit.
640 3778 715 3856 Sed
730 3805 801 3857 nec
817 3779 947 3856 minus
964 3773 1194 3882 infrugifera
1209 3777 1310 3870 sunt,

167 3916 289 3996 quam
309 3889 520 3995 injucunda
540 3887 622 3969 haec
641 3890 778 3980 studia,
795 3909 835 3966 et
853 3916 939 3996 quae
957 3889 1005 3966 ad
1025 3914 1156 3966 rerum
1175 3892 1314 3996 cogni-

170 4001 320 4079 tionem
348 3999 448 4080 nihil
478 4001 630 4109 prorsus
657 4000 844 4106 adjutant.
906 4000 1102 4078 Ponamus
1128 3999 1236 4079 enim
1262 4002 1313 4081 ob

168 4112 303 4192 oculos
323 4140 459 4192 omnes
478 4113 565 4192 illos
592 4112 796 4192 turmatim
822 4111 1036 4189 cucullatos
1056 4111 1221 4205 vetulos,
1242 4110 1313 4193 ha-

168 4251 256 4302 rum
283 4225 476 4333 praecipue
503 4226 732 4334 captionum
759 4223 914 4329 figulos,
935 4220 1238 4330 quotusquisque
1259 4226 1314 4305 est

167 4336 237 4447 qui
272 4336 354 4415 ullo
388 4335 578 4416 beneficio
617 4335 913 4444 locupletaverit
952 4362 1036 4413 rem
1075 4334 1314 4418 literarium?

169 4447 281 4529 Citra
300 4446 466 4527 dubium
491 4447 667 4556 profesto
698 4447 846 4527 cultam
874 4465 913 4525 et
940 4446 1120 4538 nitidam,
1142 4466 1182 4524 et
1203 4477 1314 4528 man-
