<?xml version="1.0" encoding="UTF-8"?>
<!DOCTYPE html PUBLIC "-//W3C//DTD XHTML 1.0 Transitional//EN"
    "http://www.w3.org/TR/xhtml1/DTD/xhtml1-transitional.dtd">
<html xmlns="http://www.w3.org/1999/xhtml" xml:lang="en" lang="en">
 <head>
  <title>
</title>
<meta http-equiv="Content-Type" content="text/html;charset=utf-8" />
  <meta name='ocr-system' content='tesseract 3.04.00' />
  <meta name='ocr-capabilities' content='ocr_page ocr_carea ocr_par ocr_line ocrx_word'/>
</head>
<body>
  <div class='ocr_page' id='page_1' title='image "./worksjohnmilton06miltgoog_0388.png"; bbox 0 0 2956 4980; ppageno 0'>
   <div class='ocr_carea' id='block_1_1' title="bbox 418 231 1251 368">
    <p class='ocr_par' dir='ltr' id='par_1_1' title="bbox 418 231 1251 368">
     <span class='ocr_line' id='line_1_1' title="bbox 418 231 1251 368; baseline 0.019 -39"><span class='ocrx_word' id='word_1_1' title='bbox 418 231 633 368; x_wconf 77' lang='lat' dir='ltr'>Epistola</span> <span class='ocrx_word' id='word_1_2' title='bbox 663 234 947 333; x_wconf 81' lang='lat' dir='ltr'>Familiares.</span> <span class='ocrx_word' id='word_1_3' title='bbox 1175 279 1251 360; x_wconf 85' lang='lat'>373</span> 
     </span>
    </p>
   </div>
   <div class='ocr_carea' id='block_1_2' title="bbox 485 592 863 706">
    <p class='ocr_par' dir='ltr' id='par_1_2' title="bbox 485 592 863 706">
     <span class='ocr_line' id='line_1_2' title="bbox 485 592 863 706; baseline 0.01 -30.792"><span class='ocrx_word' id='word_1_4' title='bbox 485 592 713 698; x_wconf 59' lang='lat' dir='ltr'>artomae&#39;</span> <span class='ocrx_word' id='word_1_5' title='bbox 729 598 863 706; x_wconf 86' lang='lat' dir='ltr'>Junio</span> 
     </span>
    </p>
   </div>
   <div class='ocr_carea' id='block_1_3' title="bbox 97 795 1251 1436">
    <p class='ocr_par' dir='ltr' id='par_1_3' title="bbox 97 795 1251 1436">
     <span class='ocr_line' id='line_1_3' title="bbox 101 795 1249 991; baseline -0.002 -112"><span class='ocrx_word' id='word_1_6' title='bbox 101 795 376 991; x_wconf 78' lang='lat' dir='ltr'>INspedtis</span> <span class='ocrx_word' id='word_1_7' title='bbox 359 797 503 876; x_wconf 90' lang='lat' dir='ltr'>Literis</span> <span class='ocrx_word' id='word_1_8' title='bbox 532 795 645 902; x_wconf 86' lang='lat' dir='ltr'>tuis(</span> <span class='ocrx_word' id='word_1_9' title='bbox 631 797 869 907; x_wconf 85' lang='lat' dir='ltr'>(Praeceptor</span> <span class='ocrx_word' id='word_1_10' title='bbox 895 798 1064 908; x_wconf 89' lang='lat' dir='ltr'>optime)</span> <span class='ocrx_word' id='word_1_11' title='bbox 1085 799 1249 879; x_wconf 91' lang='lat' dir='ltr'>unicum</span> 
     </span>
     <span class='ocr_line' id='line_1_4' title="bbox 176 906 1251 1019; baseline 0 -29"><span class='ocrx_word' id='word_1_12' title='bbox 176 907 256 990; x_wconf 92' lang='lat' dir='ltr'>hoc</span> <span class='ocrx_word' id='word_1_13' title='bbox 275 906 377 989; x_wconf 91' lang='lat' dir='ltr'>mihi</span> <span class='ocrx_word' id='word_1_14' title='bbox 399 907 728 1019; x_wconf 88' lang='lat' dir='ltr'>supervacaneum</span> <span class='ocrx_word' id='word_1_15' title='bbox 747 910 990 1005; x_wconf 90' lang='lat' dir='ltr'>occurrebat,</span> <span class='ocrx_word' id='word_1_16' title='bbox 1005 909 1114 1019; x_wconf 83' lang='lat' dir='ltr'>qubd</span> <span class='ocrx_word' id='word_1_17' title='bbox 1134 911 1251 991; x_wconf 85' lang='lat' dir='ltr'>tardae</span> 
     </span>
     <span class='ocr_line' id='line_1_5' title="bbox 99 1020 1249 1151; baseline 0.001 -51"><span class='ocrx_word' id='word_1_18' title='bbox 99 1021 320 1151; x_wconf 89' lang='lat' dir='ltr'>scriptionis</span> <span class='ocrx_word' id='word_1_19' title='bbox 339 1020 632 1101; x_wconf 84' lang='lat' dir='ltr'>excusationem</span> <span class='ocrx_word' id='word_1_20' title='bbox 652 1021 1033 1118; x_wconf 81' lang='lat' dir='ltr'>attuleris3tamets1</span> <span class='ocrx_word' id='word_1_21' title='bbox 1053 1024 1162 1103; x_wconf 89' lang='lat' dir='ltr'>enim</span> <span class='ocrx_word' id='word_1_22' title='bbox 1178 1023 1249 1102; x_wconf 91' lang='lat' dir='ltr'>Li·</span> 
     </span>
     <span class='ocr_line' id='line_1_6' title="bbox 100 1130 1249 1243; baseline 0.001 -29"><span class='ocrx_word' id='word_1_23' title='bbox 100 1134 192 1214; x_wconf 89' lang='lat' dir='ltr'>teris</span> <span class='ocrx_word' id='word_1_24' title='bbox 215 1134 292 1213; x_wconf 87' lang='lat' dir='ltr'>tuis</span> <span class='ocrx_word' id='word_1_25' title='bbox 317 1130 419 1211; x_wconf 93' lang='lat' dir='ltr'>nihil</span> <span class='ocrx_word' id='word_1_26' title='bbox 449 1130 551 1211; x_wconf 93' lang='lat' dir='ltr'>mihi</span> <span class='ocrx_word' id='word_1_27' title='bbox 576 1151 696 1239; x_wconf 87' lang='lat' dir='ltr'>queat</span> <span class='ocrx_word' id='word_1_28' title='bbox 722 1134 935 1241; x_wconf 86' lang='lat' dir='ltr'>optabilius</span> <span class='ocrx_word' id='word_1_29' title='bbox 960 1135 1158 1229; x_wconf 87' lang='lat' dir='ltr'>accedere,</span> <span class='ocrx_word' id='word_1_30' title='bbox 1177 1136 1249 1243; x_wconf 93' lang='lat' dir='ltr'>qui</span> 
     </span>
     <span class='ocr_line' id='line_1_7' title="bbox 97 1243 1248 1436; baseline 0.002 -111"><span class='ocrx_word' id='word_1_31' title='bbox 97 1246 240 1436; x_wconf 75' lang='lat' dir='ltr'>poffim</span> <span class='ocrx_word' id='word_1_32' title='bbox 260 1262 407 1339; x_wconf 90' lang='lat' dir='ltr'>tamen,</span> <span class='ocrx_word' id='word_1_33' title='bbox 428 1263 495 1324; x_wconf 90' lang='lat' dir='ltr'>aut</span> <span class='ocrx_word' id='word_1_34' title='bbox 522 1243 685 1324; x_wconf 89' lang='lat' dir='ltr'>debeam</span> <span class='ocrx_word' id='word_1_35' title='bbox 711 1244 876 1354; x_wconf 90' lang='lat' dir='ltr'>sperare,</span> <span class='ocrx_word' id='word_1_36' title='bbox 896 1248 968 1326; x_wconf 93' lang='lat' dir='ltr'>otii</span> <span class='ocrx_word' id='word_1_37' title='bbox 996 1246 1069 1326; x_wconf 91' lang='lat' dir='ltr'>tibi</span> <span class='ocrx_word' id='word_1_38' title='bbox 1095 1266 1248 1327; x_wconf 90' lang='lat' dir='ltr'>tantum</span> 
     </span>
    </p>
   </div>
   <div class='ocr_carea' id='block_1_4' title="bbox 95 1355 1294 3372">
    <p class='ocr_par' dir='ltr' id='par_1_4' title="bbox 95 1355 1294 3372">
     <span class='ocr_line' id='line_1_8' title="bbox 151 1355 1248 1468; baseline 0 -30"><span class='ocrx_word' id='word_1_39' title='bbox 151 1356 267 1438; x_wconf 89' lang='lat' dir='ltr'>rebus</span> <span class='ocrx_word' id='word_1_40' title='bbox 299 1357 420 1451; x_wconf 91' lang='lat' dir='ltr'>seriis,</span> <span class='ocrx_word' id='word_1_41' title='bbox 448 1378 487 1435; x_wconf 89' lang='lat' dir='ltr'>et</span> <span class='ocrx_word' id='word_1_42' title='bbox 513 1355 764 1438; x_wconf 74' lang='lat' dir='ltr'>sanctioribus</span> <span class='ocrx_word' id='word_1_43' title='bbox 790 1357 879 1452; x_wconf 84' lang='lat' dir='ltr'>else,</span> <span class='ocrx_word' id='word_1_44' title='bbox 900 1377 944 1437; x_wconf 91' lang='lat' dir='ltr'>ut</span> <span class='ocrx_word' id='word_1_45' title='bbox 969 1357 1071 1438; x_wconf 92' lang='lat' dir='ltr'>mihi</span> <span class='ocrx_word' id='word_1_46' title='bbox 1095 1358 1248 1468; x_wconf 88' lang='lat' dir='ltr'>semper</span> 
     </span>
     <span class='ocr_line' id='line_1_9' title="bbox 98 1468 1248 1579; baseline 0.002 -30"><span class='ocrx_word' id='word_1_47' title='bbox 98 1469 330 1579; x_wconf 90' lang='lat' dir='ltr'>respondere</span> <span class='ocrx_word' id='word_1_48' title='bbox 350 1488 483 1563; x_wconf 90' lang='lat' dir='ltr'>vacet;</span> <span class='ocrx_word' id='word_1_49' title='bbox 515 1468 726 1578; x_wconf 78' lang='lat' dir='ltr'>praesertim</span> <span class='ocrx_word' id='word_1_50' title='bbox 753 1497 847 1549; x_wconf 93' lang='lat' dir='ltr'>cum</span> <span class='ocrx_word' id='word_1_51' title='bbox 875 1471 973 1550; x_wconf 93' lang='lat' dir='ltr'>illud</span> <span class='ocrx_word' id='word_1_52' title='bbox 994 1468 1248 1551; x_wconf 90' lang='lat' dir='ltr'>humanitatis</span> 
     </span>
     <span class='ocr_line' id='line_1_10' title="bbox 96 1581 1247 1675; baseline 0 -13"><span class='ocrx_word' id='word_1_53' title='bbox 96 1584 264 1662; x_wconf 93' lang='lat' dir='ltr'>omnino</span> <span class='ocrx_word' id='word_1_54' title='bbox 291 1582 351 1675; x_wconf 90' lang='lat' dir='ltr'>fit,</span> <span class='ocrx_word' id='word_1_55' title='bbox 375 1581 496 1660; x_wconf 90' lang='lat' dir='ltr'>officii</span> <span class='ocrx_word' id='word_1_56' title='bbox 525 1582 706 1660; x_wconf 91' lang='lat' dir='ltr'>minime.</span> <span class='ocrx_word' id='word_1_57' title='bbox 767 1584 828 1661; x_wconf 88' lang='lat' dir='ltr'>Te</span> <span class='ocrx_word' id='word_1_58' title='bbox 860 1582 952 1662; x_wconf 87' lang='lat' dir='ltr'>vero</span> <span class='ocrx_word' id='word_1_59' title='bbox 977 1582 1146 1664; x_wconf 92' lang='lat' dir='ltr'>oblitum</span> <span class='ocrx_word' id='word_1_60' title='bbox 1173 1582 1247 1662; x_wconf 83' lang='lat' dir='ltr'>esse</span> 
     </span>
     <span class='ocr_line' id='line_1_11' title="bbox 98 1693 1248 1802; baseline 0 -28"><span class='ocrx_word' id='word_1_61' title='bbox 98 1695 180 1774; x_wconf 90' lang='lat' dir='ltr'>mei</span> <span class='ocrx_word' id='word_1_62' title='bbox 199 1712 244 1774; x_wconf 94' lang='lat' dir='ltr'>ut</span> <span class='ocrx_word' id='word_1_63' title='bbox 263 1693 442 1802; x_wconf 89' lang='lat' dir='ltr'>suspicer,</span> <span class='ocrx_word' id='word_1_64' title='bbox 465 1712 546 1772; x_wconf 91' lang='lat' dir='ltr'>tam</span> <span class='ocrx_word' id='word_1_65' title='bbox 566 1694 691 1772; x_wconf 92' lang='lat' dir='ltr'>multa</span> <span class='ocrx_word' id='word_1_66' title='bbox 713 1712 778 1772; x_wconf 92' lang='lat' dir='ltr'>tua</span> <span class='ocrx_word' id='word_1_67' title='bbox 802 1694 851 1773; x_wconf 90' lang='lat' dir='ltr'>de</span> <span class='ocrx_word' id='word_1_68' title='bbox 869 1722 934 1773; x_wconf 89' lang='lat' dir='ltr'>me</span> <span class='ocrx_word' id='word_1_69' title='bbox 955 1701 1087 1775; x_wconf 83' lang='lat' dir='ltr'>rece&#39;ns</span> <span class='ocrx_word' id='word_1_70' title='bbox 1107 1696 1248 1774; x_wconf 91' lang='lat' dir='ltr'>merita</span> 
     </span>
     <span class='ocr_line' id='line_1_12' title="bbox 98 1805 1246 1915; baseline 0.002 -31"><span class='ocrx_word' id='word_1_71' title='bbox 98 1833 350 1914; x_wconf 89' lang='lat' dir='ltr'>nequaquam</span> <span class='ocrx_word' id='word_1_72' title='bbox 384 1805 525 1885; x_wconf 88' lang='lat' dir='ltr'>smunt.</span> <span class='ocrx_word' id='word_1_73' title='bbox 587 1806 734 1913; x_wconf 92' lang='lat' dir='ltr'>Neque</span> <span class='ocrx_word' id='word_1_74' title='bbox 767 1807 875 1885; x_wconf 91' lang='lat' dir='ltr'>enim</span> <span class='ocrx_word' id='word_1_75' title='bbox 910 1807 1024 1886; x_wconf 92' lang='lat' dir='ltr'>video</span> <span class='ocrx_word' id='word_1_76' title='bbox 1059 1806 1246 1915; x_wconf 87' lang='lat' dir='ltr'>quorsum</span> 
     </span>
     <span class='ocr_line' id='line_1_13' title="bbox 98 1916 1245 1999; baseline -0.001 0"><span class='ocrx_word' id='word_1_77' title='bbox 98 1920 215 1999; x_wconf 90' lang='lat' dir='ltr'>tantis</span> <span class='ocrx_word' id='word_1_78' title='bbox 235 1917 421 1997; x_wconf 91' lang='lat' dir='ltr'>onustum</span> <span class='ocrx_word' id='word_1_79' title='bbox 447 1916 647 1996; x_wconf 86' lang='lat' dir='ltr'>beneficiis</span> <span class='ocrx_word' id='word_1_80' title='bbox 674 1918 720 1996; x_wconf 90' lang='lat' dir='ltr'>ad</span> <span class='ocrx_word' id='word_1_81' title='bbox 747 1916 989 1998; x_wconf 87' lang='lat' dir='ltr'>oblivionem</span> <span class='ocrx_word' id='word_1_82' title='bbox 1012 1919 1245 1999; x_wconf 87' lang='lat' dir='ltr'>dimitteres.</span> 
     </span>
     <span class='ocr_line' id='line_1_14' title="bbox 98 2029 1247 2126; baseline 0.001 -16"><span class='ocrx_word' id='word_1_83' title='bbox 98 2031 185 2110; x_wconf 86' lang='lat' dir='ltr'>Rus</span> <span class='ocrx_word' id='word_1_84' title='bbox 206 2049 320 2110; x_wconf 91' lang='lat' dir='ltr'>tuum</span> <span class='ocrx_word' id='word_1_85' title='bbox 341 2029 559 2124; x_wconf 87' lang='lat' dir='ltr'>accersrtus,</span> <span class='ocrx_word' id='word_1_86' title='bbox 580 2029 693 2108; x_wconf 87' lang='lat' dir='ltr'>srmul</span> <span class='ocrx_word' id='word_1_87' title='bbox 714 2057 758 2108; x_wconf 90' lang='lat' dir='ltr'>ac</span> <span class='ocrx_word' id='word_1_88' title='bbox 778 2058 845 2109; x_wconf 91' lang='lat' dir='ltr'>ver</span> <span class='ocrx_word' id='word_1_89' title='bbox 870 2032 1097 2126; x_wconf 87' lang='lat' dir='ltr'>adoleverit,</span> <span class='ocrx_word' id='word_1_90' title='bbox 1120 2032 1247 2111; x_wconf 93' lang='lat' dir='ltr'>liben-</span> 
     </span>
     <span class='ocr_line' id='line_1_15' title="bbox 99 2140 1248 2251; baseline 0.003 -30"><span class='ocrx_word' id='word_1_91' title='bbox 99 2159 158 2222; x_wconf 88' lang='lat' dir='ltr'>ter</span> <span class='ocrx_word' id='word_1_92' title='bbox 173 2143 395 2236; x_wconf 90' lang='lat' dir='ltr'>adveniam,</span> <span class='ocrx_word' id='word_1_93' title='bbox 409 2142 457 2221; x_wconf 90' lang='lat' dir='ltr'>ad</span> <span class='ocrx_word' id='word_1_94' title='bbox 476 2140 721 2250; x_wconf 80' lang='lat' dir='ltr'>capessendas</span> <span class='ocrx_word' id='word_1_95' title='bbox 740 2144 830 2220; x_wconf 93' lang='lat' dir='ltr'>anni</span> <span class='ocrx_word' id='word_1_96' title='bbox 835 2144 997 2251; x_wconf 91' lang='lat' dir='ltr'>,tuique</span> <span class='ocrx_word' id='word_1_97' title='bbox 1019 2170 1095 2222; x_wconf 94' lang='lat' dir='ltr'>non</span> <span class='ocrx_word' id='word_1_98' title='bbox 1117 2146 1248 2225; x_wconf 91' lang='lat' dir='ltr'>minus</span> 
     </span>
     <span class='ocr_line' id='line_1_16' title="bbox 95 2252 1247 2364; baseline 0.003 -30"><span class='ocrx_word' id='word_1_99' title='bbox 95 2253 302 2364; x_wconf 93' lang='lat' dir='ltr'>colloquii,</span> <span class='ocrx_word' id='word_1_100' title='bbox 323 2253 505 2346; x_wconf 90' lang='lat' dir='ltr'>delicias;</span> <span class='ocrx_word' id='word_1_101' title='bbox 536 2273 576 2332; x_wconf 88' lang='lat' dir='ltr'>et</span> <span class='ocrx_word' id='word_1_102' title='bbox 600 2252 648 2332; x_wconf 93' lang='lat' dir='ltr'>ab</span> <span class='ocrx_word' id='word_1_103' title='bbox 676 2254 824 2333; x_wconf 90' lang='lat' dir='ltr'>urbano</span> <span class='ocrx_word' id='word_1_104' title='bbox 850 2254 1010 2363; x_wconf 92' lang='lat' dir='ltr'>strepitu</span> <span class='ocrx_word' id='word_1_105' title='bbox 1033 2253 1247 2337; x_wconf 91' lang='lat' dir='ltr'>subducam</span> 
     </span>
     <span class='ocr_line' id='line_1_17' title="bbox 97 2365 1246 2477; baseline 0.002 -31"><span class='ocrx_word' id='word_1_106' title='bbox 97 2394 164 2447; x_wconf 86' lang='lat' dir='ltr'>me</span> <span class='ocrx_word' id='word_1_107' title='bbox 193 2365 401 2477; x_wconf 89' lang='lat' dir='ltr'>paulisper</span> <span class='ocrx_word' id='word_1_108' title='bbox 466 2368 601 2445; x_wconf 87' lang='lat' dir='ltr'>Stoam</span> <span class='ocrx_word' id='word_1_109' title='bbox 634 2384 743 2444; x_wconf 93' lang='lat' dir='ltr'>tuam</span> <span class='ocrx_word' id='word_1_110' title='bbox 757 2368 962 2461; x_wconf 83' lang='lat' dir='ltr'>Icenorum,</span> <span class='ocrx_word' id='word_1_111' title='bbox 983 2388 1170 2474; x_wconf 87' lang='lat' dir='ltr'>tanquam</span> <span class='ocrx_word' id='word_1_112' title='bbox 1197 2369 1246 2448; x_wconf 91' lang='lat' dir='ltr'>ad</span> 
     </span>
     <span class='ocr_line' id='line_1_18' title="bbox 96 2476 1248 2586; baseline 0.002 -28"><span class='ocrx_word' id='word_1_113' title='bbox 96 2478 396 2558; x_wconf 88' lang='lat' dir='ltr'>celeberrimam</span> <span class='ocrx_word' id='word_1_114' title='bbox 424 2477 534 2556; x_wconf 92' lang='lat' dir='ltr'>illam</span> <span class='ocrx_word' id='word_1_115' title='bbox 556 2476 714 2557; x_wconf 87' lang='lat' dir='ltr'>Zenonis</span> <span class='ocrx_word' id='word_1_116' title='bbox 738 2479 951 2586; x_wconf 92' lang='lat' dir='ltr'>porticum,</span> <span class='ocrx_word' id='word_1_117' title='bbox 972 2498 1039 2558; x_wconf 91' lang='lat' dir='ltr'>aut</span> <span class='ocrx_word' id='word_1_118' title='bbox 1061 2478 1248 2560; x_wconf 86' lang='lat' dir='ltr'>Ciceronis</span> 
     </span>
     <span class='ocr_line' id='line_1_19' title="bbox 99 2587 1248 2699; baseline 0.002 -29"><span class='ocrx_word' id='word_1_119' title='bbox 99 2587 242 2697; x_wconf 76' lang='lat' dir='ltr'>Tuscu</span> <span class='ocrx_word' id='word_1_120' title='bbox 237 2620 363 2685; x_wconf 84' lang='lat' dir='ltr'>onum,</span> <span class='ocrx_word' id='word_1_121' title='bbox 385 2589 454 2669; x_wconf 92' lang='lat' dir='ltr'>ubi</span> <span class='ocrx_word' id='word_1_122' title='bbox 475 2608 515 2668; x_wconf 93' lang='lat' dir='ltr'>tu</span> <span class='ocrx_word' id='word_1_123' title='bbox 538 2589 579 2667; x_wconf 90' lang='lat' dir='ltr'>in</span> <span class='ocrx_word' id='word_1_124' title='bbox 607 2618 648 2668; x_wconf 90' lang='lat' dir='ltr'>re</span> <span class='ocrx_word' id='word_1_125' title='bbox 677 2592 833 2669; x_wconf 88' lang='lat' dir='ltr'>modica</span> <span class='ocrx_word' id='word_1_126' title='bbox 863 2593 971 2699; x_wconf 87' lang='lat' dir='ltr'>regio</span> <span class='ocrx_word' id='word_1_127' title='bbox 1000 2590 1086 2671; x_wconf 90' lang='lat' dir='ltr'>sane</span> <span class='ocrx_word' id='word_1_128' title='bbox 1114 2592 1248 2673; x_wconf 92' lang='lat' dir='ltr'>animo</span> 
     </span>
     <span class='ocr_line' id='line_1_20' title="bbox 97 2702 1247 2813; baseline 0.004 -34"><span class='ocrx_word' id='word_1_129' title='bbox 97 2704 222 2782; x_wconf 92' lang='lat' dir='ltr'>veluti</span> <span class='ocrx_word' id='word_1_130' title='bbox 243 2705 427 2782; x_wconf 88' lang='lat' dir='ltr'>Serranus</span> <span class='ocrx_word' id='word_1_131' title='bbox 447 2702 588 2809; x_wconf 86' lang='lat' dir='ltr'>aliquis</span> <span class='ocrx_word' id='word_1_132' title='bbox 607 2720 673 2780; x_wconf 90' lang='lat' dir='ltr'>aut</span> <span class='ocrx_word' id='word_1_133' title='bbox 695 2702 874 2782; x_wconf 82' lang='lat' dir='ltr'>Currus</span> <span class='ocrx_word' id='word_1_134' title='bbox 863 2730 904 2781; x_wconf 93' lang='lat' dir='ltr'>rn</span> <span class='ocrx_word' id='word_1_135' title='bbox 924 2703 1051 2809; x_wconf 85' lang='lat' dir='ltr'>agello</span> <span class='ocrx_word' id='word_1_136' title='bbox 1073 2723 1141 2783; x_wconf 90' lang='lat' dir='ltr'>tuo</span> <span class='ocrx_word' id='word_1_137' title='bbox 1161 2705 1247 2813; x_wconf 90' lang='lat' dir='ltr'>pla-</span> 
     </span>
     <span class='ocr_line' id='line_1_21' title="bbox 95 2812 1247 2926; baseline 0.002 -32"><span class='ocrx_word' id='word_1_138' title='bbox 95 2815 184 2894; x_wconf 90' lang='lat' dir='ltr'>cide</span> <span class='ocrx_word' id='word_1_139' title='bbox 204 2842 358 2922; x_wconf 88' lang='lat' dir='ltr'>regnas,</span> <span class='ocrx_word' id='word_1_140' title='bbox 378 2815 506 2921; x_wconf 89' lang='lat' dir='ltr'>deque</span> <span class='ocrx_word' id='word_1_141' title='bbox 534 2813 624 2922; x_wconf 87' lang='lat' dir='ltr'>ipsrs</span> <span class='ocrx_word' id='word_1_142' title='bbox 652 2814 814 2908; x_wconf 88' lang='lat' dir='ltr'>divitiis,</span> <span class='ocrx_word' id='word_1_143' title='bbox 835 2812 1065 2910; x_wconf 88' lang='lat' dir='ltr'>ambitione,</span> <span class='ocrx_word' id='word_1_144' title='bbox 1085 2818 1247 2926; x_wconf 92' lang='lat' dir='ltr'>pompa,</span> 
     </span>
     <span class='ocr_line' id='line_1_22' title="bbox 96 2923 1294 3034; baseline 0.002 -28"><span class='ocrx_word' id='word_1_145' title='bbox 96 2927 269 3021; x_wconf 86' lang='lat' dir='ltr'>luxuria,</span> <span class='ocrx_word' id='word_1_146' title='bbox 302 2946 342 3007; x_wconf 91' lang='lat' dir='ltr'>et</span> <span class='ocrx_word' id='word_1_147' title='bbox 372 2925 563 3034; x_wconf 92' lang='lat' dir='ltr'>quicquid</span> <span class='ocrx_word' id='word_1_148' title='bbox 595 2925 737 3033; x_wconf 89' lang='lat' dir='ltr'>vulgus</span> <span class='ocrx_word' id='word_1_149' title='bbox 769 2923 980 3006; x_wconf 90' lang='lat' dir='ltr'>hominum</span> <span class='ocrx_word' id='word_1_150' title='bbox 1012 2928 1177 3006; x_wconf 90' lang='lat' dir='ltr'>miratur</span> <span class='ocrx_word' id='word_1_151' title='bbox 1207 2948 1248 3008; x_wconf 95' lang='lat' dir='ltr'>et</span> <span class='ocrx_word' id='word_1_152' title='bbox 1287 3008 1294 3020; x_wconf 80' lang='grc'><em>,</em></span> 
     </span>
     <span class='ocr_line' id='line_1_23' title="bbox 97 3035 1245 3176; baseline 0 -57"><span class='ocrx_word' id='word_1_153' title='bbox 97 3038 243 3176; x_wconf 88' lang='lat' dir='ltr'>stupet,</span> <span class='ocrx_word' id='word_1_154' title='bbox 265 3037 373 3147; x_wconf 87' lang='lat' dir='ltr'>quali</span> <span class='ocrx_word' id='word_1_155' title='bbox 402 3035 653 3146; x_wconf 90' lang='lat' dir='ltr'>triumphum</span> <span class='ocrx_word' id='word_1_156' title='bbox 680 3037 763 3146; x_wconf 88' lang='lat' dir='ltr'>agis</span> <span class='ocrx_word' id='word_1_157' title='bbox 790 3037 955 3118; x_wconf 84' lang='lat' dir='ltr'>fortunae</span> <span class='ocrx_word' id='word_1_158' title='bbox 981 3057 1138 3118; x_wconf 88' lang='lat' dir='ltr'>contem</span> <span class='ocrx_word' id='word_1_159' title='bbox 1171 3057 1245 3120; x_wconf 90' lang='lat' dir='ltr'>tor.</span> 
     </span>
     <span class='ocr_line' id='line_1_24' title="bbox 98 3067 1248 3259; baseline 0.003 -30"><span class='ocrx_word' id='word_1_160' title='bbox 98 3147 299 3231; x_wconf 84' lang='lat' dir='ltr'>Caeterum</span> <span class='ocrx_word' id='word_1_161' title='bbox 318 3150 389 3259; x_wconf 94' lang='lat' dir='ltr'>qui</span> <span class='ocrx_word' id='word_1_162' title='bbox 418 3149 607 3229; x_wconf 87' lang='lat' dir='ltr'>tarditatis</span> <span class='ocrx_word' id='word_1_163' title='bbox 634 3150 794 3259; x_wconf 93' lang='lat' dir='ltr'>culpam</span> <span class='ocrx_word' id='word_1_164' title='bbox 820 3151 1049 3259; x_wconf 88' lang='lat' dir='ltr'>deprecatus</span> <span class='ocrx_word' id='word_1_165' title='bbox 1068 3178 1123 3246; x_wconf 90' lang='lat' dir='ltr'>es,</span> <span class='ocrx_word' id='word_1_166' title='bbox 1141 3067 1248 3232; x_wconf 77' lang='lat' dir='ltr'>lianc</span> 
     </span>
     <span class='ocr_line' id='line_1_25' title="bbox 95 3260 1245 3372; baseline 0.003 -31"><span class='ocrx_word' id='word_1_167' title='bbox 95 3260 199 3342; x_wconf 92' lang='lat' dir='ltr'>mihi</span> <span class='ocrx_word' id='word_1_168' title='bbox 223 3262 404 3357; x_wconf 86' lang='lat' dir='ltr'>viciffim,</span> <span class='ocrx_word' id='word_1_169' title='bbox 425 3279 468 3342; x_wconf 92' lang='lat' dir='ltr'>ut</span> <span class='ocrx_word' id='word_1_170' title='bbox 497 3261 622 3371; x_wconf 87' lang='lat' dir='ltr'>spero,</span> <span class='ocrx_word' id='word_1_171' title='bbox 643 3263 968 3372; x_wconf 88' lang='lat' dir='ltr'>praecipitantiam</span> <span class='ocrx_word' id='word_1_172' title='bbox 997 3262 1245 3370; x_wconf 79' lang='lat' dir='ltr'>indulgebis3</span> 
     </span>
    </p>
   </div>
   <div class='ocr_carea' id='block_1_5' title="bbox 95 3371 1383 3512">
    <p class='ocr_par' dir='ltr' id='par_1_5' title="bbox 95 3371 1383 3512">
     <span class='ocr_line' id='line_1_26' title="bbox 95 3371 1383 3512; baseline 0.003 -59"><span class='ocrx_word' id='word_1_173' title='bbox 95 3401 190 3455; x_wconf 87' lang='lat' dir='ltr'>curn</span> <span class='ocrx_word' id='word_1_174' title='bbox 210 3375 319 3454; x_wconf 93' lang='lat' dir='ltr'>enim</span> <span class='ocrx_word' id='word_1_175' title='bbox 335 3372 554 3512; x_wconf 88' lang='lat' dir='ltr'>Epistolam</span> <span class='ocrx_word' id='word_1_176' title='bbox 575 3371 707 3453; x_wconf 93' lang='lat' dir='ltr'>hanc</span> <span class='ocrx_word' id='word_1_177' title='bbox 696 3403 737 3452; x_wconf 92' lang='lat' dir='ltr'>rn</span> <span class='ocrx_word' id='word_1_178' title='bbox 757 3393 983 3454; x_wconf 85' lang='lat' dir='ltr'>extremum</span> <span class='ocrx_word' id='word_1_179' title='bbox 1003 3373 1245 3471; x_wconf 79' lang='lat' dir='ltr'>distulissem,</span> <span class='ocrx_word' id='word_1_180' title='bbox 1379 3470 1383 3475; x_wconf 38' lang='grc'><strong>,</strong></span> 
     </span>
    </p>
   </div>
   <div class='ocr_carea' id='block_1_6' title="bbox 95 3485 1244 3818">
    <p class='ocr_par' dir='ltr' id='par_1_6' title="bbox 95 3485 1244 3818">
     <span class='ocr_line' id='line_1_27' title="bbox 96 3485 1244 3598; baseline 0.004 -33"><span class='ocrx_word' id='word_1_181' title='bbox 96 3486 221 3567; x_wconf 90' lang='lat' dir='ltr'>malui</span> <span class='ocrx_word' id='word_1_182' title='bbox 239 3515 377 3595; x_wconf 91' lang='lat' dir='ltr'>pauca,</span> <span class='ocrx_word' id='word_1_183' title='bbox 399 3514 521 3594; x_wconf 88' lang='lat' dir='ltr'>eaque</span> <span class='ocrx_word' id='word_1_184' title='bbox 543 3485 763 3565; x_wconf 91' lang='lat' dir='ltr'>rudiuscule</span> <span class='ocrx_word' id='word_1_185' title='bbox 788 3486 967 3581; x_wconf 88' lang='lat' dir='ltr'>scribere,</span> <span class='ocrx_word' id='word_1_186' title='bbox 988 3515 1110 3598; x_wconf 91' lang='lat' dir='ltr'>quam</span> <span class='ocrx_word' id='word_1_187' title='bbox 1129 3489 1244 3570; x_wconf 92' lang='lat' dir='ltr'>nihil.</span> 
     </span>
     <span class='ocr_line' id='line_1_28' title="bbox 95 3597 557 3678; baseline 0 -1"><span class='ocrx_word' id='word_1_188' title='bbox 95 3598 195 3678; x_wconf 89' lang='lat' dir='ltr'>Vale</span> <span class='ocrx_word' id='word_1_189' title='bbox 215 3600 289 3678; x_wconf 93' lang='lat' dir='ltr'>Vir</span> <span class='ocrx_word' id='word_1_190' title='bbox 308 3597 557 3678; x_wconf 88' lang='lat' dir='ltr'>observande.</span> 
     </span>
     <span class='ocr_line' id='line_1_29' title="bbox 153 3710 780 3818; baseline -0.003 -28"><span class='ocrx_word' id='word_1_191' title='bbox 153 3710 419 3818; x_wconf 83' lang='lat' dir='ltr'>Cantabrigio,</span> <span class='ocrx_word' id='word_1_192' title='bbox 441 3710 541 3814; x_wconf 92' lang='lat' dir='ltr'>Julii</span> <span class='ocrx_word' id='word_1_193' title='bbox 565 3711 780 3803; x_wconf 85' lang='lat'>21,1628.</span> 
     </span>
    </p>
   </div>
   <div class='ocr_carea' id='block_1_7' title="bbox 451 4043 889 4152">
    <p class='ocr_par' dir='ltr' id='par_1_7' title="bbox 451 4043 889 4152">
     <span class='ocr_line' id='line_1_30' title="bbox 451 4043 889 4152; baseline -0.007 -27"><span class='ocrx_word' id='word_1_194' title='bbox 451 4072 489 4152; x_wconf 79' lang='lat'>5.</span> <span class='ocrx_word' id='word_1_195' title='bbox 521 4043 740 4125; x_wconf 82' lang='lat' dir='ltr'>Alexandro</span> <span class='ocrx_word' id='word_1_196' title='bbox 764 4044 889 4124; x_wconf 87' lang='lat' dir='ltr'>Gillio.</span> 
     </span>
    </p>
   </div>
   <div class='ocr_carea' id='block_1_8' title="bbox 160 4216 1382 4327">
    <p class='ocr_par' dir='ltr' id='par_1_8' title="bbox 160 4216 1382 4327">
     <span class='ocr_line' id='line_1_31' title="bbox 160 4216 1382 4327; baseline -0.001 -25"><span class='ocrx_word' id='word_1_197' title='bbox 160 4223 179 4302; x_wconf 95' lang='lat' dir='ltr'>I</span> <span class='ocrx_word' id='word_1_198' title='bbox 200 4218 302 4301; x_wconf 91' lang='lat' dir='ltr'>mihi</span> <span class='ocrx_word' id='word_1_199' title='bbox 320 4221 492 4313; x_wconf 89' lang='lat' dir='ltr'>Aurum,</span> <span class='ocrx_word' id='word_1_200' title='bbox 506 4237 573 4297; x_wconf 93' lang='lat' dir='ltr'>aut</span> <span class='ocrx_word' id='word_1_201' title='bbox 587 4217 720 4297; x_wconf 88' lang='lat' dir='ltr'>caelata</span> <span class='ocrx_word' id='word_1_202' title='bbox 741 4216 905 4326; x_wconf 91' lang='lat' dir='ltr'>pretiose</span> <span class='ocrx_word' id='word_1_203' title='bbox 926 4217 1025 4312; x_wconf 87' lang='lat' dir='ltr'>vasa,</span> <span class='ocrx_word' id='word_1_204' title='bbox 1043 4239 1111 4299; x_wconf 91' lang='lat' dir='ltr'>aut</span> <span class='ocrx_word' id='word_1_205' title='bbox 1129 4224 1244 4327; x_wconf 91' lang='lat' dir='ltr'>quic·</span> <span class='ocrx_word' id='word_1_206' title='bbox 1376 4219 1382 4227; x_wconf 74' lang='grc'><strong><em>’</em></strong></span> 
     </span>
    </p>
   </div>
   <div class='ocr_carea' id='block_1_9' title="bbox 91 4329 1244 4555">
    <p class='ocr_par' dir='ltr' id='par_1_9' title="bbox 91 4329 1244 4555">
     <span class='ocr_line' id='line_1_32' title="bbox 187 4329 1243 4442; baseline 0.002 -29"><span class='ocrx_word' id='word_1_207' title='bbox 187 4334 284 4442; x_wconf 94' lang='lat' dir='ltr'>quid</span> <span class='ocrx_word' id='word_1_208' title='bbox 297 4331 512 4411; x_wconf 88' lang='lat' dir='ltr'>istiusmodi</span> <span class='ocrx_word' id='word_1_209' title='bbox 527 4331 718 4409; x_wconf 90' lang='lat' dir='ltr'>mirantur</span> <span class='ocrx_word' id='word_1_210' title='bbox 730 4329 936 4424; x_wconf 90' lang='lat' dir='ltr'>Mortales,</span> <span class='ocrx_word' id='word_1_211' title='bbox 950 4329 1054 4410; x_wconf 93' lang='lat' dir='ltr'>dono</span> <span class='ocrx_word' id='word_1_212' title='bbox 1068 4331 1243 4432; x_wconf 81' lang='lat' dir='ltr'>dedisses,</span> 
     </span>
     <span class='ocr_line' id='line_1_33' title="bbox 91 4442 1244 4555; baseline 0.001 -28"><span class='ocrx_word' id='word_1_213' title='bbox 91 4447 258 4555; x_wconf 90' lang='lat' dir='ltr'>puderet</span> <span class='ocrx_word' id='word_1_214' title='bbox 276 4463 381 4524; x_wconf 90' lang='lat' dir='ltr'>certe</span> <span class='ocrx_word' id='word_1_215' title='bbox 403 4472 482 4522; x_wconf 90' lang='lat' dir='ltr'>non</span> <span class='ocrx_word' id='word_1_216' title='bbox 502 4442 682 4535; x_wconf 84' lang='lat' dir='ltr'>viciffim,</span> <span class='ocrx_word' id='word_1_217' title='bbox 707 4460 901 4549; x_wconf 93' lang='lat' dir='ltr'>quantum</span> <span class='ocrx_word' id='word_1_218' title='bbox 924 4470 975 4521; x_wconf 87' lang='lat' dir='ltr'>ex</span> <span class='ocrx_word' id='word_1_219' title='bbox 998 4444 1098 4523; x_wconf 90' lang='lat' dir='ltr'>meis</span> <span class='ocrx_word' id='word_1_220' title='bbox 1118 4444 1244 4529; x_wconf 92' lang='lat' dir='ltr'>facul-</span> 
     </span>
    </p>
   </div>
   <div class='ocr_carea' id='block_1_10' title="bbox 0 0 1482 4980">
    <p class='ocr_par' dir='ltr' id='par_1_10' title="bbox 0 0 1482 4980">
     <span class='ocr_line' id='line_1_34' title="bbox 0 0 1482 4980; baseline 0 2"><span class='ocrx_word' id='word_1_221' title='bbox 0 0 1482 4980; x_wconf 95' lang='lat' dir='ltr'> </span> 
     </span>
    </p>
   </div>
  </div>
 </body>
</html>
