2956 4980
163 206 217 307 96
547 190 675 285 Artis
701 188 901 319 Logicae-
1105 180 1215 281 Lib.
1248 225 1282 281 1.

161 364 274 458 dum,
288 391 337 442 ne
349 362 462 443 causa
473 390 545 472 pro
557 390 701 471 genere
715 359 928 442 habeatur:
955 376 1001 440 ut
1012 355 1109 439 clam
1123 358 1314 440 dubitatio

160 475 407 569 describitur,
427 474 623 583 aequalitas
648 474 845 554 rationum
866 504 878 568 3
916 472 1069 566 sanitas,
1088 471 1312 580 symmetria

157 586 398 682 humorum;
441 587 566 682 dolor,
598 586 739 666 solutio
768 585 970 681 continui3
1013 584 1167 696 eclipfis
1196 584 1307 678 lunae,

160 702 402 811 interpositio
422 716 556 780 terrae:
586 717 655 778 aut
672 697 916 803 subjestum3
946 715 1004 792 ut,
1016 716 1156 777 ventus
1177 696 1235 778 est
1251 706 1311 777 air

162 833 319 908 motus;
342 812 493 918 justitia
508 812 565 893 est
578 812 757 891 voluntas
771 811 948 891 constans
959 843 971 906 ;
992 809 1134 889 vulnus
1154 808 1213 888 est
1231 837 1311 918 pars

160 928 286 1007 carnis
305 926 536 1018 dilacerata;
567 942 776 1035 peccatum
801 924 965 1031 originis
988 922 1044 1002 est
1070 940 1212 1002 natura
1228 948 1311 1002 cor-

161 1057 289 1147 rupta,
310 1057 350 1116 et
370 1036 524 1115 fimilia.

221 1151 421 1229 Caeterum
452 1149 493 1226 in
524 1145 585 1227 his
614 1167 728 1228 certae
757 1147 901 1253 regulae
930 1144 1014 1225 dari
1042 1171 1123 1224 non
1147 1144 1310 1254 possunt.

163 1262 392 1372 Aliquando
412 1261 521 1339 enim
540 1288 592 1339 ex
619 1277 774 1340 remoto
802 1256 930 1340 sollun
955 1258 1153 1337 contrario
1175 1256 1222 1338 fit
1246 1258 1312 1338 de-

162 1373 346 1485 scriptio:
378 1393 437 1468 ut,

278 1533 413 1612 Virtus
430 1532 479 1640 est
496 1529 797 1640 vitiumsagere,
818 1549 856 1611 et
859 1528 1053 1640 sapientia
1063 1528 1196 1639 prima

278 1643 456 1724 Stultitia
475 1644 588 1724 carui
612 1671 645 1722 e.

162 1820 393 1929 Aliquando
413 1816 529 1929 pland
547 1817 747 1898 arbitraria
766 1818 836 1898 est.

219 1933 331 2013 Hinc
347 1932 414 2012 etsi
436 1932 550 2011 unica
567 1931 624 2011 rei
639 1930 831 2026 definitio,
848 1931 980 2041 plures
998 1948 1132 2013 tamen
1145 1931 1315 2042 descrip-

164 2046 290 2126 tiones
310 2043 383 2124 esse
402 2043 571 2154 possunt.

220 2159 283 2237 Ut
293 2175 427 2237 autem
442 2155 621 2236 definitio
635 2153 811 2250 definito,
824 2154 931 2263 quod
946 2152 1060 2265 suprit
1073 2157 1318 2251 monuimus,

165 2271 221 2350 ita
245 2271 365 2351 etiam
391 2267 599 2377 descriptio
625 2267 820 2377 descripto
842 2268 1009 2348 viciffim
1033 2269 1147 2375 argui
1174 2269 1313 2380 potest.

166 2379 322 2463 Veritm
344 2409 421 2462 non
442 2381 599 2460 affectio
618 2376 747 2460 solirm
766 2378 849 2459 haec
868 2398 1007 2460 mutua
1025 2380 1129 2461 inter
1146 2380 1316 2491 descrip-

162 2496 313 2575 tionem
333 2516 373 2575 et
392 2521 476 2573 rem
496 2492 732 2602 descriptam
750 2492 971 2587 intercedit,
992 2492 1056 2571 sed
1075 2495 1199 2573 etiam
1218 2495 1318 2574 reci-

164 2607 363 2716 procati03
388 2606 504 2710 juxta
534 2633 793 2684 communem
820 2604 930 2685 illam
962 2603 1246 2685 distributionis
1274 2633 1318 2685 ac

165 2717 403 2798 definitionis
430 2717 623 2823 regulam,
651 2715 779 2827 supra,
804 2744 892 2825 cap.
916 2742 939 2796 2
944 2741 983 2824 5.
1005 2716 1215 2812 traditam;
1245 2716 1321 2825 qud

165 2831 373 2941 descriptio
393 2857 552 2939 quoque
571 2831 729 2938 propria
752 2830 809 2909 rei
835 2827 1032 2938 descriptae
1054 2845 1095 2907 et
1120 2831 1320 2938 reciproca

165 2945 239 3024 effe
259 2943 389 3023 debet.
430 2942 624 3052 Qamvis
644 2943 753 3021 enim
773 2942 813 3020 in
833 2939 1173 3050 descriptionibus,
1194 2942 1319 3022 multa

166 3057 261 3167 saepe
280 3074 562 3163 congeruntur,
575 3081 747 3162 quorum
761 3053 893 3160 aliqua
912 3050 1014 3133 forte
1033 3053 1149 3133 latius
1168 3074 1319 3164 patent,

164 3167 286 3277 quim
318 3169 358 3248 id
388 3167 496 3274 quod
525 3166 769 3260 describitur,
793 3164 930 3271 juncta
960 3185 1092 3245 tamen
1117 3185 1322 3275 aequantur

167 3280 376 3388 descript0,
402 3275 784 3387 descriptione'mque
810 3279 1012 3386 propriam
1040 3276 1235 3375 reddunt;
1267 3280 1322 3359 fin

167 3393 314 3485 minus,
334 3390 471 3470 vitiosa
490 3411 608 3498 atque
629 3390 780 3470 inutilis
805 3389 1014 3499 descriptio
1039 3388 1231 3471 censenda
1251 3392 1321 3471 est.

171 3506 237 3599 Ut,
263 3503 363 3582 homo
383 3501 432 3611 est
452 3503 597 3583 animal
619 3503 787 3595 mortale,
815 3519 937 3612 capax
963 3499 1178 3610 disciplina.
1240 3504 1324 3585 Hic

166 3643 260 3696 cum
272 3616 404 3723 aliqua
419 3613 531 3694 causa
543 3615 725 3722 (materia
738 3613 885 3694 scilicet
900 3633 939 3695 et
954 3615 1161 3694 communi
1176 3613 1322 3710 forma,

167 3758 253 3837 quae
282 3726 350 3807 sub
382 3753 526 3833 genere
552 3727 697 3808 animal
722 3728 962 3831 continetur)
995 3726 1211 3807 miscentur
1236 3728 1324 3808 duae

165 3839 465 3922 circumstantiae
484 3838 559 3919 sive
590 3838 784 3945 adjuncta,
803 3838 972 3919 alterum
997 3866 1228 3934 commune,
1249 3840 1324 3921 sci-

167 3952 261 4032 licet
289 3951 457 4044 mortale,
489 3951 657 4032 alterum
699 3952 919 4061 proprium,
951 3969 1075 4061 capax
1104 3949 1322 4061 disciplina.

166 4066 224 4145 At
242 4063 443 4173 quorsum,
455 4065 586 4171 inquis
600 4064 700 4143 illud
711 4065 880 4158 mortale,
893 4060 988 4144 cum
1004 4063 1163 4144 nullum
1174 4065 1324 4146 animal

167 4204 246 4257 non
272 4176 318 4255 srt
344 4177 537 4255 mortale?
600 4176 707 4287 Qia
739 4204 884 4285 nempe
914 4175 1075 4286 Arrstat.
1101 4176 1214 4283 cujus
1240 4176 1324 4257 haec

167 4287 479 4397 descriptioest,
503 4283 543 4367 T
538 4305 601 4397 op.
608 4315 647 4395 5.
680 4316 716 4367 1.
746 4288 930 4369 animalia
958 4288 1138 4397 quaedam
1164 4289 1221 4369 ait
1246 4289 1321 4370 etse

167 4400 419 4494 immortalia,
443 4396 495 4480 Ta
523 4460 532 4477 .
558 4426 601 4502 4.
625 4427 662 4482 a.
695 4418 735 4480 et
763 4402 803 4480 in
835 4400 978 4482 eodem
1005 4401 1150 4511 capite,
1183 4402 1323 4483 Deum

164 4514 294 4624 ipsum
313 4512 394 4621 ζῶον
407 4510 605 4608 cibaverat,
627 4513 654 4591 i.
669 4540 705 4593 e.
728 4512 932 4594 immortale
949 4513 1093 4595 animal
1106 4532 1237 4595 vocat.
