2956 4980
197 116 315 246 Cap.
335 146 379 237 7.
520 115 708 214 Plenior
734 116 981 216 Institutio.
1270 161 1290 213 2
1298 162 1319 240 3

161 299 272 406 Qae
284 295 393 374 enim
406 294 518 374 causa
529 293 729 376 essentiam
744 295 939 405 praecipui
955 296 1168 391 constituit,
1182 299 1320 377 eadem

161 406 192 487 fi
214 426 307 486 nota
326 407 385 499 fit,
405 407 606 487 scientiam
626 435 786 516 quoque
808 409 1051 516 potiffimum
1074 407 1181 489 facit.
1242 410 1318 490 Sed

162 515 338 598 formam
364 520 558 599 internam
584 519 771 626 cujusque
799 521 855 598 rei
880 520 997 614 nolle,
1026 516 1251 615 isenfibus,
1275 541 1320 603 ut

162 628 248 709 feri:
272 631 331 724 fit,
362 632 675 725 remotiffimam,
705 631 865 711 difficile
895 632 1110 711 admodum
1140 632 1209 711 est.
1270 633 1317 712 In

161 742 378 823 artificiofis
398 763 530 823 autem
555 744 669 823 rebus
688 742 830 837 forma,
851 761 989 853 utpote
1009 764 1184 837 externa,
1204 743 1318 824 senfi-

164 851 314 962 busque
334 857 522 964 expofita,
547 854 700 935 facilius
724 856 918 950 occurrit;
946 876 989 935 ut
1009 857 1113 966 apud
1135 854 1318 961 Coastzrem

162 964 214 1044 de
235 967 328 1046 bell.
349 967 456 1046 Gall.
476 969 500 1044 l.
524 991 565 1073 7.
586 967 690 1046 muri
703 986 826 1046 autem
844 997 961 1047 omnes
983 967 1126 1048 Gallici
1140 967 1319 1076 hoecferc)

145 1077 288 1184 forma
300 1077 412 1184 stunt,
432 1098 509 1158 etc.
569 1081 634 1158 Sic
654 1078 781 1160 forma
803 1079 1010 1186 Virgiliani
1030 1099 1164 1189 portus
1184 1081 1314 1191 expli·

160 1207 288 1283 catur,
310 1191 468 1270 AEneid.
496 1216 531 1271 1.
553 1190 602 1298 est
621 1192 660 1270 in
665 1190 805 1299 stceffit
825 1192 927 1297 longo
947 1193 1058 1285 locus,
1080 1213 1154 1274 etc.

223 1301 461 1383 Distributio
490 1323 624 1382 autem
655 1303 791 1383 forma
821 1304 928 1382 nulla
959 1332 1050 1381 vera
1075 1303 1143 1382 est.
1205 1304 1315 1382 Nam

160 1414 271 1521 quod
291 1413 469 1494 nonnulli
490 1415 684 1494 internam
704 1415 766 1494 vel
786 1434 989 1493 externam
1010 1413 1083 1493 effe
1099 1413 1250 1508 volunt,
1267 1443 1312 1493 ea
1361 1513 1364 1519 Ι

160 1525 386 1609 distributio
407 1554 533 1635 neque
553 1529 600 1605 ad
622 1555 681 1606 res
700 1554 852 1619 omnes,
882 1526 945 1605 sed
971 1523 1126 1606 tantum
1150 1525 1196 1603 ad
1225 1537 1314 1605 cor-¹

163 1666 303 1744 porcas
330 1638 566 1746 pertinebit;
596 1658 635 1718 et
657 1659 816 1718 externa
844 1667 921 1718 non
949 1639 1081 1717 minus
1108 1636 1313 1717 effentialis

161 1751 309 1859 cuique
330 1750 387 1829 rei
406 1750 462 1829 est
481 1749 707 1846 artificiosae,
727 1748 848 1859 quim
868 1752 1019 1830 interna
1040 1750 1215 1830 naturali.

476 2138 599 2217 CAP.
634 2136 753 2216 VIII.
814 2139 878 2217 De
897 2136 1003 2218 Fine.

168 2342 214 2430 ng
230 2338 351 2417 1:
365 2319 445 2399 Inis
463 2318 513 2426 est
532 2321 643 2425 cauſsa
662 2320 769 2426 cujus
783 2321 918 2427 gratia
936 2349 996 2400 res
1014 2319 1075 2427 est.
1110 2318 1174 2397 Sic
1194 2320 1314 2399 etiam

168 2420 210 2521 Υ
237 2393 355 2526 lull?
393 2432 477 2510 Ari
501 2432 747 2527 oteles,Pl1il.
776 2460 808 2511 1.
834 2458 876 2559 3..
893 2451 1033 2541 quarta
1051 2430 1163 2558 causa
1180 2432 1229 2540 est
1247 2461 1314 2511 cu-

173 2559 209 2622 ἲ
237 2527 355 2693 ἕνῇ
380 2541 451 2648 jus
479 2564 516 2622 et
539 2543 695 2624 bonum:
727 2546 792 2625 hoc
815 2573 907 2623 emm
929 2542 1176 2650 generationis
1203 2544 1314 2623 omnis

172 2617 208 2699 I
376 2656 473 2761 finis
491 2655 551 2763 est.
612 2654 721 2736 Cum
741 2658 848 2735 enim
869 2657 1040 2735 efficiens
1055 2654 1243 2734 assecutus
1258 2655 1314 2735 est

160 2762 299 2856 finem,
321 2767 360 2844 in
381 2796 428 2846 eo
445 2767 668 2877 acquiescit,
693 2765 915 2876 adiionique
940 2769 1013 2847 suae
1035 2765 1156 2846 finem
1182 2768 1313 2876 impo-

160 2877 234 2954 nit.
295 2878 404 2959 Finis
428 2881 560 2988 itaque
580 2879 856 2960 estcausarum
876 2879 1030 2957 ultima.
1090 2873 1243 2958 Veritus
1268 2898 1313 2956 ut

160 2986 266 3067 redii:
282 2990 440 3099 Arffllot.
459 2990 571 3100 Phys
580 3017 618 3072 2.
635 3016 673 3071 2.
692 3022 760 3072 non
778 3020 876 3072 omne
888 2988 1189 3093 ultimumfinalis
1201 2988 1312 3094 causa

158 3100 302 3208 est,std
310 3103 407 3211 quod
417 3104 464 3212 est
476 3105 670 3211 optimum:
697 3104 806 3183 Finis
822 3103 930 3182 enim
945 3102 1008 3181 vel
1026 3101 1240 3180 terminum
1257 3102 1313 3181 rei

158 3213 366 3319 significat,
390 3216 454 3296 vel
480 3215 630 3296 bonum
655 3217 734 3311 rei;
766 3217 863 3295 ficut
889 3233 928 3294 et
955 3214 1145 3294 terminus
1172 3213 1228 3293 est
1246 3214 1311 3295 vel

156 3327 387 3419 durationis,
406 3327 469 3406 vel
487 3328 769 3435 magnitudinis
785 3348 852 3407 aut
868 3326 1013 3433 figutae.
1074 3326 1107 3404 F
1110 3326 1221 3405 inalis
1241 3354 1311 3405 au-

159 3457 244 3516 tem
261 3437 375 3517 causa
392 3467 468 3518 non
489 3440 545 3519 est
563 3441 633 3518 nis1
654 3439 803 3518 bonum
823 3438 944 3548 quid;
964 3438 1182 3545 eodemque
1202 3436 1309 3517 sensu

159 3548 249 3627 finis
269 3568 308 3628 et
327 3549 475 3630 bonum
491 3551 657 3646 dicitur;
680 3547 868 3630 verdmne
885 3579 933 3630 an
949 3577 1152 3659 apparens,
1166 3549 1214 3628 ad
1227 3551 1308 3628 vim

158 3660 279 3740 causae
306 3659 405 3741 nihil
434 3662 604 3743 interest.
664 3664 728 3742 Sic
747 3665 867 3743 etiam
887 3660 1243 3770 Aristot.Pl1yf2.
1269 3689 1306 3767 3.

158 3769 345 3881 idquue
367 3775 407 3852 in
428 3773 523 3855 Eth.
546 3775 706 3883 paffim:
739 3776 834 3853 mali
863 3775 983 3853 etiam
1012 3775 1170 3853 evitatio
1190 3770 1310 3852 habet

158 3886 350 3964 rationem
366 3885 475 3966 boni.
527 3887 726 3968 Nonnulli
743 3907 873 3966 tamen
892 3887 991 3965 inter
1009 3884 1129 3964 finem
1152 3903 1191 3964 et
1211 3886 1308 3965 fina-

159 3997 241 4075 lem
253 3997 408 4077 causam
425 3999 477 4077 ita
493 3998 752 4105 distinguunt,
771 3999 914 4079 utfinis
932 3998 976 4076 fit
991 3996 1079 4076 usus
1093 3998 1164 4089 tei,
1181 3997 1306 4076 finalis

157 4130 292 4188 autem
313 4109 424 4189 causa
443 4111 491 4190 de
512 4111 580 4190 usu
599 4112 801 4218 cogitatio.
861 4109 988 4217 Atqui
1007 4136 1085 4188 non
1105 4111 1308 4214 cogitatio,
1408 4202 1410 4207 ‚

158 4220 223 4299 sed
250 4249 322 4313 res,
344 4221 371 4300 i.
393 4251 428 4301 e.
454 4221 542 4302 finis
567 4222 647 4332 ipse
674 4223 805 4303 effecti
829 4221 939 4301 causa
964 4220 1088 4301 finalis
1114 4248 1203 4299 vera
1226 4221 1305 4300 est:

157 4361 250 4412 nam
269 4332 318 4412 de
338 4336 501 4415 materia
520 4362 677 4443 quoque
698 4356 737 4414 et
757 4337 805 4415 de
826 4332 952 4414 forma
973 4334 1080 4442 prius
1097 4333 1306 4438 cogitatur,
