<?xml version="1.0" encoding="UTF-8"?>
<!DOCTYPE html PUBLIC "-//W3C//DTD XHTML 1.0 Transitional//EN"
    "http://www.w3.org/TR/xhtml1/DTD/xhtml1-transitional.dtd">
<html xmlns="http://www.w3.org/1999/xhtml" xml:lang="en" lang="en">
 <head>
  <title>
</title>
<meta http-equiv="Content-Type" content="text/html;charset=utf-8" />
  <meta name='ocr-system' content='tesseract 3.04.00' />
  <meta name='ocr-capabilities' content='ocr_page ocr_carea ocr_par ocr_line ocrx_word'/>
</head>
<body>
  <div class='ocr_page' id='page_1' title='image "./worksjohnmilton06miltgoog_0019.png"; bbox 0 0 2956 4980; ppageno 0'>
   <div class='ocr_carea' id='block_1_1' title="bbox 162 230 843 345">
    <p class='ocr_par' dir='ltr' id='par_1_1' title="bbox 162 230 843 345">
     <span class='ocr_line' id='line_1_1' title="bbox 162 230 843 345; baseline 0 -14"><span class='ocrx_word' id='word_1_1' title='bbox 162 269 190 345; x_wconf 89' lang='lat'>4</span> <span class='ocrx_word' id='word_1_2' title='bbox 517 282 527 298; x_wconf 91' lang='lat'><strong>·</strong></span> <span class='ocrx_word' id='word_1_3' title='bbox 614 230 843 331; x_wconf 80' lang='lat' dir='ltr'>Praefatio</span> 
     </span>
    </p>
   </div>
   <div class='ocr_carea' id='block_1_2' title="bbox 156 405 1326 4420">
    <p class='ocr_par' dir='ltr' id='par_1_2' title="bbox 156 405 1318 1044">
     <span class='ocr_line' id='line_1_2' title="bbox 221 405 1317 519; baseline 0.001 -35"><span class='ocrx_word' id='word_1_4' title='bbox 221 405 367 485; x_wconf 89' lang='lat' dir='ltr'>Forma</span> <span class='ocrx_word' id='word_1_5' title='bbox 382 406 457 486; x_wconf 88' lang='lat' dir='ltr'>five</span> <span class='ocrx_word' id='word_1_6' title='bbox 477 407 558 519; x_wconf 91' lang='lat' dir='ltr'>ipsa</span> <span class='ocrx_word' id='word_1_7' title='bbox 577 409 677 488; x_wconf 89' lang='lat' dir='ltr'>ratio</span> <span class='ocrx_word' id='word_1_8' title='bbox 697 410 802 502; x_wconf 89' lang='lat' dir='ltr'>artis,</span> <span class='ocrx_word' id='word_1_9' title='bbox 823 437 902 489; x_wconf 92' lang='lat' dir='ltr'>non</span> <span class='ocrx_word' id='word_1_10' title='bbox 922 418 1004 490; x_wconf 87' lang='lat' dir='ltr'>tam</span> <span class='ocrx_word' id='word_1_11' title='bbox 1024 409 1079 488; x_wconf 94' lang='lat' dir='ltr'>est</span> <span class='ocrx_word' id='word_1_12' title='bbox 1099 416 1317 516; x_wconf 83' lang='lat' dir='ltr'>pr&#39;aecepto·</span> 
     </span>
     <span class='ocr_line' id='line_1_3' title="bbox 163 517 1317 630; baseline 0.001 -35"><span class='ocrx_word' id='word_1_13' title='bbox 163 544 254 596; x_wconf 92' lang='lat' dir='ltr'>rum</span> <span class='ocrx_word' id='word_1_14' title='bbox 271 517 433 597; x_wconf 90' lang='lat' dir='ltr'>illorum</span> <span class='ocrx_word' id='word_1_15' title='bbox 452 521 679 602; x_wconf 87' lang='lat' dir='ltr'>methodica</span> <span class='ocrx_word' id='word_1_16' title='bbox 698 521 909 629; x_wconf 84' lang='lat' dir='ltr'>dispositio,</span> <span class='ocrx_word' id='word_1_17' title='bbox 923 549 1044 630; x_wconf 89' lang='lat' dir='ltr'>quam</span> <span class='ocrx_word' id='word_1_18' title='bbox 1063 520 1171 599; x_wconf 88' lang='lat' dir='ltr'>utilis</span> <span class='ocrx_word' id='word_1_19' title='bbox 1191 519 1317 598; x_wconf 90' lang='lat' dir='ltr'>alicu-</span> 
     </span>
     <span class='ocr_line' id='line_1_4' title="bbox 156 626 1317 742; baseline 0 -35"><span class='ocrx_word' id='word_1_20' title='bbox 156 626 222 732; x_wconf 91' lang='lat' dir='ltr'>jus</span> <span class='ocrx_word' id='word_1_21' title='bbox 245 628 302 708; x_wconf 91' lang='lat' dir='ltr'>rei</span> <span class='ocrx_word' id='word_1_22' title='bbox 327 633 560 741; x_wconf 75' lang='lat' dir='ltr'>praeceptio:</span> <span class='ocrx_word' id='word_1_23' title='bbox 592 660 663 742; x_wconf 91' lang='lat' dir='ltr'>per</span> <span class='ocrx_word' id='word_1_24' title='bbox 689 633 730 711; x_wconf 94' lang='lat' dir='ltr'>id</span> <span class='ocrx_word' id='word_1_25' title='bbox 756 633 865 712; x_wconf 90' lang='lat' dir='ltr'>enim</span> <span class='ocrx_word' id='word_1_26' title='bbox 891 632 1000 742; x_wconf 92' lang='lat' dir='ltr'>quod</span> <span class='ocrx_word' id='word_1_27' title='bbox 1025 634 1141 712; x_wconf 92' lang='lat' dir='ltr'>docet</span> <span class='ocrx_word' id='word_1_28' title='bbox 1167 630 1317 739; x_wconf 91' lang='lat' dir='ltr'>potius,</span> 
     </span>
     <span class='ocr_line' id='line_1_5' title="bbox 161 740 1317 852; baseline 0.002 -34"><span class='ocrx_word' id='word_1_29' title='bbox 161 767 283 847; x_wconf 89' lang='lat' dir='ltr'>quam</span> <span class='ocrx_word' id='word_1_30' title='bbox 295 767 366 849; x_wconf 91' lang='lat' dir='ltr'>per</span> <span class='ocrx_word' id='word_1_31' title='bbox 379 744 559 824; x_wconf 89' lang='lat' dir='ltr'>ordinem</span> <span class='ocrx_word' id='word_1_32' title='bbox 575 745 756 838; x_wconf 91' lang='lat' dir='ltr'>docendi,</span> <span class='ocrx_word' id='word_1_33' title='bbox 770 773 829 824; x_wconf 91' lang='lat' dir='ltr'>ars</span> <span class='ocrx_word' id='word_1_34' title='bbox 844 745 900 823; x_wconf 90' lang='lat' dir='ltr'>est</span> <span class='ocrx_word' id='word_1_35' title='bbox 915 744 956 823; x_wconf 93' lang='lat' dir='ltr'>id</span> <span class='ocrx_word' id='word_1_36' title='bbox 971 743 1078 852; x_wconf 90' lang='lat' dir='ltr'>quod</span> <span class='ocrx_word' id='word_1_37' title='bbox 1094 743 1150 822; x_wconf 91' lang='lat' dir='ltr'>est</span> <span class='ocrx_word' id='word_1_38' title='bbox 1164 771 1174 820; x_wconf 78' lang='lat' dir='ltr'>t</span> <span class='ocrx_word' id='word_1_39' title='bbox 1205 740 1317 849; x_wconf 94' lang='lat' dir='ltr'>quod</span> 
     </span>
     <span class='ocr_line' id='line_1_6' title="bbox 162 846 1318 966; baseline 0 -36"><span class='ocrx_word' id='word_1_40' title='bbox 162 880 213 930; x_wconf 90' lang='lat' dir='ltr'>ex</span> <span class='ocrx_word' id='word_1_41' title='bbox 247 850 432 961; x_wconf 89' lang='lat' dir='ltr'>cujusque</span> <span class='ocrx_word' id='word_1_42' title='bbox 467 857 558 936; x_wconf 89' lang='lat' dir='ltr'>artis</span> <span class='ocrx_word' id='word_1_43' title='bbox 581 846 820 938; x_wconf 65' lang='lat' dir='ltr'>&#39;definitione</span> <span class='ocrx_word' id='word_1_44' title='bbox 854 855 1101 966; x_wconf 88' lang='lat' dir='ltr'>perspicitur,</span> <span class='ocrx_word' id='word_1_45' title='bbox 1136 871 1182 933; x_wconf 92' lang='lat' dir='ltr'>ut</span> <span class='ocrx_word' id='word_1_46' title='bbox 1213 849 1318 932; x_wconf 86' lang='lat' dir='ltr'>infra</span> 
     </span>
     <span class='ocr_line' id='line_1_7' title="bbox 162 963 399 1044; baseline 0.013 -3"><span class='ocrx_word' id='word_1_47' title='bbox 162 963 399 1044; x_wconf 90' lang='lat' dir='ltr'>ostendetur.</span> 
     </span>
    </p>

    <p class='ocr_par' dir='ltr' id='par_1_3' title="bbox 161 1075 1326 1714">
     <span class='ocr_line' id='line_1_8' title="bbox 220 1075 1317 1186; baseline 0.002 -33"><span class='ocrx_word' id='word_1_48' title='bbox 220 1075 510 1186; x_wconf 86' lang='lat' dir='ltr'>Praeceptorum</span> <span class='ocrx_word' id='word_1_49' title='bbox 527 1079 618 1159; x_wconf 89' lang='lat' dir='ltr'>artis</span> <span class='ocrx_word' id='word_1_50' title='bbox 634 1079 707 1158; x_wconf 89' lang='lat' dir='ltr'>tria</span> <span class='ocrx_word' id='word_1_51' title='bbox 721 1106 865 1186; x_wconf 86' lang='lat' dir='ltr'>genera</span> <span class='ocrx_word' id='word_1_52' title='bbox 881 1078 993 1158; x_wconf 91' lang='lat' dir='ltr'>sunt:</span> <span class='ocrx_word' id='word_1_53' title='bbox 1024 1076 1103 1156; x_wconf 88' lang='lat' dir='ltr'>duo</span> <span class='ocrx_word' id='word_1_54' title='bbox 1119 1075 1317 1185; x_wconf 85' lang='lat' dir='ltr'>praecipua</span> 
     </span>
     <span class='ocr_line' id='line_1_9' title="bbox 161 1182 1326 1298; baseline 0.003 -35"><span class='ocrx_word' id='word_1_55' title='bbox 161 1182 381 1292; x_wconf 80' lang='lat' dir='ltr'>definitiones</span> <span class='ocrx_word' id='word_1_56' title='bbox 396 1208 436 1268; x_wconf 94' lang='lat' dir='ltr'>et</span> <span class='ocrx_word' id='word_1_57' title='bbox 453 1189 744 1298; x_wconf 83' lang='lat' dir='ltr'>distributiones,·</span> <span class='ocrx_word' id='word_1_58' title='bbox 775 1216 942 1298; x_wconf 88' lang='lat' dir='ltr'>quarum</span> <span class='ocrx_word' id='word_1_59' title='bbox 958 1189 1177 1269; x_wconf 60' lang='lat' dir='ltr'>doctrinam</span> <span class='ocrx_word' id='word_1_60' title='bbox 1192 1215 1326 1295; x_wconf 77' lang='lat' dir='ltr'>gene-¹</span> 
     </span>
     <span class='ocr_line' id='line_1_10' title="bbox 161 1297 1318 1406; baseline 0.005 -32"><span class='ocrx_word' id='word_1_61' title='bbox 161 1297 285 1376; x_wconf 89' lang='lat' dir='ltr'>ralem</span> <span class='ocrx_word' id='word_1_62' title='bbox 305 1300 454 1406; x_wconf 87' lang='lat' dir='ltr'>Logica</span> <span class='ocrx_word' id='word_1_63' title='bbox 478 1302 598 1380; x_wconf 89' lang='lat' dir='ltr'>etiam</span> <span class='ocrx_word' id='word_1_64' title='bbox 624 1302 712 1382; x_wconf 91' lang='lat' dir='ltr'>loco</span> <span class='ocrx_word' id='word_1_65' title='bbox 737 1302 878 1381; x_wconf 89' lang='lat' dir='ltr'>idoneo</span> <span class='ocrx_word' id='word_1_66' title='bbox 906 1300 976 1379; x_wconf 88' lang='lat' dir='ltr'>fibi</span> <span class='ocrx_word' id='word_1_67' title='bbox 999 1301 1201 1395; x_wconf 82' lang='lat' dir='ltr'>vendicat3</span> <span class='ocrx_word' id='word_1_68' title='bbox 1234 1317 1318 1380; x_wconf 92' lang='lat' dir='ltr'>ter-</span> 
     </span>
     <span class='ocr_line' id='line_1_11' title="bbox 161 1408 1315 1523; baseline 0.004 -37"><span class='ocrx_word' id='word_1_69' title='bbox 161 1408 279 1504; x_wconf 90' lang='lat' dir='ltr'>tium,</span> <span class='ocrx_word' id='word_1_70' title='bbox 323 1411 454 1492; x_wconf 90' lang='lat' dir='ltr'>minus</span> <span class='ocrx_word' id='word_1_71' title='bbox 492 1413 723 1523; x_wconf 88' lang='lat' dir='ltr'>principale,</span> <span class='ocrx_word' id='word_1_72' title='bbox 762 1412 1021 1519; x_wconf 61' lang='lat' dir='ltr'>corfidarium</span> <span class='ocrx_word' id='word_1_73' title='bbox 1059 1411 1315 1506; x_wconf 89' lang='lat' dir='ltr'>nominatur;</span> 
     </span>
     <span class='ocr_line' id='line_1_12' title="bbox 162 1519 1317 1633; baseline 0.004 -35"><span class='ocrx_word' id='word_1_74' title='bbox 162 1519 295 1628; x_wconf 88' lang='lat' dir='ltr'>estque</span> <span class='ocrx_word' id='word_1_75' title='bbox 315 1525 562 1632; x_wconf 87' lang='lat' dir='ltr'>proprietatis</span> <span class='ocrx_word' id='word_1_76' title='bbox 585 1525 749 1631; x_wconf 91' lang='lat' dir='ltr'>alicujus</span> <span class='ocrx_word' id='word_1_77' title='bbox 768 1525 995 1633; x_wconf 88' lang='lat' dir='ltr'>explicatio,</span> <span class='ocrx_word' id='word_1_78' title='bbox 1016 1551 1066 1602; x_wconf 83' lang='lat' dir='ltr'>ex</span> <span class='ocrx_word' id='word_1_79' title='bbox 1086 1523 1317 1603; x_wconf 90' lang='lat' dir='ltr'>definitione</span> 
     </span>
     <span class='ocr_line' id='line_1_13' title="bbox 161 1627 440 1714; baseline 0.018 -5"><span class='ocrx_word' id='word_1_80' title='bbox 161 1627 243 1710; x_wconf 86' lang='lat' dir='ltr'>fere</span> <span class='ocrx_word' id='word_1_81' title='bbox 263 1633 440 1714; x_wconf 68' lang='lat' dir='ltr'>dedudta.</span> 
     </span>
    </p>

    <p class='ocr_par' dir='ltr' id='par_1_4' title="bbox 159 1743 1318 2269">
     <span class='ocr_line' id='line_1_14' title="bbox 219 1743 1318 1857; baseline 0 -35"><span class='ocrx_word' id='word_1_82' title='bbox 219 1745 416 1853; x_wconf 89' lang='lat' dir='ltr'>Exempla</span> <span class='ocrx_word' id='word_1_83' title='bbox 448 1745 534 1825; x_wconf 92' lang='lat' dir='ltr'>sunt</span> <span class='ocrx_word' id='word_1_84' title='bbox 559 1745 703 1855; x_wconf 93' lang='lat' dir='ltr'>quibus</span> <span class='ocrx_word' id='word_1_85' title='bbox 734 1746 1042 1857; x_wconf 70' lang='lat' dir='ltr'>praeceptionum</span> <span class='ocrx_word' id='word_1_86' title='bbox 1073 1748 1212 1826; x_wconf 88' lang='lat' dir='ltr'>veritas</span> <span class='ocrx_word' id='word_1_87' title='bbox 1243 1743 1318 1823; x_wconf 93' lang='lat' dir='ltr'>de-</span> 
     </span>
     <span class='ocr_line' id='line_1_15' title="bbox 160 1854 1317 1966; baseline 0.003 -34"><span class='ocrx_word' id='word_1_88' title='bbox 160 1856 410 1952; x_wconf 88' lang='lat' dir='ltr'>monstratur,</span> <span class='ocrx_word' id='word_1_89' title='bbox 442 1856 608 1965; x_wconf 92' lang='lat' dir='ltr'>ususque</span> <span class='ocrx_word' id='word_1_90' title='bbox 638 1858 885 1938; x_wconf 89' lang='lat' dir='ltr'>ostenditur:</span> <span class='ocrx_word' id='word_1_91' title='bbox 929 1857 1109 1966; x_wconf 89' lang='lat' dir='ltr'>suntque,</span> <span class='ocrx_word' id='word_1_92' title='bbox 1142 1876 1187 1937; x_wconf 94' lang='lat' dir='ltr'>ut</span> <span class='ocrx_word' id='word_1_93' title='bbox 1220 1854 1317 1935; x_wconf 90' lang='lat' dir='ltr'>scite</span> 
     </span>
     <span class='ocr_line' id='line_1_16' title="bbox 161 1966 1317 2078; baseline 0 -31"><span class='ocrx_word' id='word_1_94' title='bbox 161 1966 290 2060; x_wconf 87' lang='lat' dir='ltr'>Plato,</span> <span class='ocrx_word' id='word_1_95' title='bbox 318 1970 425 2076; x_wconf 87' lang='lat' dir='ltr'>quali</span> <span class='ocrx_word' id='word_1_96' title='bbox 456 1967 605 2049; x_wconf 88' lang='lat' dir='ltr'>obfides</span> <span class='ocrx_word' id='word_1_97' title='bbox 638 1968 888 2050; x_wconf 89' lang='lat' dir='ltr'>sermonum:</span> <span class='ocrx_word' id='word_1_98' title='bbox 927 1970 1033 2078; x_wconf 91' lang='lat' dir='ltr'>quod</span> <span class='ocrx_word' id='word_1_99' title='bbox 1072 1970 1179 2047; x_wconf 92' lang='lat' dir='ltr'>enim</span> <span class='ocrx_word' id='word_1_100' title='bbox 1214 1996 1317 2076; x_wconf 86' lang='lat' dir='ltr'>prae-</span> 
     </span>
     <span class='ocr_line' id='line_1_17' title="bbox 160 2078 1316 2192; baseline 0.003 -37"><span class='ocrx_word' id='word_1_101' title='bbox 160 2097 277 2186; x_wconf 92' lang='lat' dir='ltr'>cepto</span> <span class='ocrx_word' id='word_1_102' title='bbox 296 2078 337 2157; x_wconf 92' lang='lat' dir='ltr'>in</span> <span class='ocrx_word' id='word_1_103' title='bbox 356 2108 498 2188; x_wconf 88' lang='lat' dir='ltr'>genere</span> <span class='ocrx_word' id='word_1_104' title='bbox 518 2082 694 2175; x_wconf 88' lang='lat' dir='ltr'>docetur,</span> <span class='ocrx_word' id='word_1_105' title='bbox 720 2082 761 2162; x_wconf 93' lang='lat' dir='ltr'>id</span> <span class='ocrx_word' id='word_1_106' title='bbox 787 2083 973 2191; x_wconf 89' lang='lat' dir='ltr'>exemplo</span> <span class='ocrx_word' id='word_1_107' title='bbox 998 2082 1039 2159; x_wconf 92' lang='lat' dir='ltr'>in</span> <span class='ocrx_word' id='word_1_108' title='bbox 1066 2079 1192 2192; x_wconf 93' lang='lat' dir='ltr'>specie</span> <span class='ocrx_word' id='word_1_109' title='bbox 1217 2107 1316 2159; x_wconf 93' lang='lat' dir='ltr'>con-</span> 
     </span>
     <span class='ocr_line' id='line_1_18' title="bbox 159 2187 699 2269; baseline 0.017 -3"><span class='ocrx_word' id='word_1_110' title='bbox 159 2187 351 2269; x_wconf 85' lang='lat' dir='ltr'>firmatur.</span> <span class='ocrx_word' id='word_1_111' title='bbox 696 2190 699 2194; x_wconf 36' lang='lat'>⁵</span> 
     </span>
    </p>

    <p class='ocr_par' dir='ltr' id='par_1_5' title="bbox 158 2301 1316 2636">
     <span class='ocr_line' id='line_1_19' title="bbox 217 2301 1316 2386; baseline 0.002 -6"><span class='ocrx_word' id='word_1_112' title='bbox 217 2301 402 2382; x_wconf 89' lang='lat' dir='ltr'>Efficiens</span> <span class='ocrx_word' id='word_1_113' title='bbox 428 2303 519 2384; x_wconf 87' lang='lat' dir='ltr'>artis</span> <span class='ocrx_word' id='word_1_114' title='bbox 575 2305 756 2386; x_wconf 89' lang='lat' dir='ltr'>rimarius</span> <span class='ocrx_word' id='word_1_115' title='bbox 788 2306 991 2384; x_wconf 91' lang='lat' dir='ltr'>neminem</span> <span class='ocrx_word' id='word_1_116' title='bbox 1021 2330 1108 2383; x_wconf 91' lang='lat' dir='ltr'>reor</span> <span class='ocrx_word' id='word_1_117' title='bbox 1132 2303 1316 2383; x_wconf 90' lang='lat' dir='ltr'>dubitare</span> 
     </span>
     <span class='ocr_line' id='line_1_20' title="bbox 158 2332 1316 2526; baseline 0.003 -36"><span class='ocrx_word' id='word_1_118' title='bbox 158 2412 256 2518; x_wconf 90' lang='lat' dir='ltr'>quin</span> <span class='ocrx_word' id='word_1_119' title='bbox 275 2414 321 2494; x_wconf 88' lang='lat' dir='ltr'>fit</span> <span class='ocrx_word' id='word_1_120' title='bbox 340 2416 466 2508; x_wconf 88' lang='lat' dir='ltr'>Deus,</span> <span class='ocrx_word' id='word_1_121' title='bbox 480 2332 622 2496; x_wconf 62' lang='lat' dir='ltr'>autior</span> <span class='ocrx_word' id='word_1_122' title='bbox 641 2418 770 2497; x_wconf 90' lang='lat' dir='ltr'>omnis</span> <span class='ocrx_word' id='word_1_123' title='bbox 789 2416 1007 2526; x_wconf 77' lang='lat' dir='ltr'>sapientiae:</span> <span class='ocrx_word' id='word_1_124' title='bbox 1038 2414 1080 2493; x_wconf 92' lang='lat' dir='ltr'>id</span> <span class='ocrx_word' id='word_1_125' title='bbox 1098 2414 1197 2493; x_wconf 91' lang='lat' dir='ltr'>olim</span> <span class='ocrx_word' id='word_1_126' title='bbox 1213 2411 1316 2495; x_wconf 77' lang='lat' dir='ltr'>Phi·</span> 
     </span>
     <span class='ocr_line' id='line_1_21' title="bbox 159 2522 1069 2636; baseline 0.012 -36"><span class='ocrx_word' id='word_1_127' title='bbox 159 2522 339 2635; x_wconf 88' lang='lat' dir='ltr'>losophos</span> <span class='ocrx_word' id='word_1_128' title='bbox 359 2527 480 2605; x_wconf 90' lang='lat' dir='ltr'>etiam</span> <span class='ocrx_word' id='word_1_129' title='bbox 498 2554 577 2609; x_wconf 93' lang='lat' dir='ltr'>non</span> <span class='ocrx_word' id='word_1_130' title='bbox 595 2526 714 2636; x_wconf 88' lang='lat' dir='ltr'>fugit.</span> <span class='ocrx_word' id='word_1_131' title='bbox 1065 2541 1069 2549; x_wconf 85' lang='lat'><em>&#39;</em></span> 
     </span>
    </p>

    <p class='ocr_par' dir='ltr' id='par_1_6' title="bbox 158 2637 1316 3722">
     <span class='ocr_line' id='line_1_22' title="bbox 219 2637 1315 2731; baseline 0.001 -17"><span class='ocrx_word' id='word_1_132' title='bbox 219 2637 352 2716; x_wconf 85' lang='lat' dir='ltr'>Caulae</span> <span class='ocrx_word' id='word_1_133' title='bbox 372 2637 555 2717; x_wconf 79' lang='lat' dir='ltr'>ministrae</span> <span class='ocrx_word' id='word_1_134' title='bbox 574 2638 734 2719; x_wconf 90' lang='lat' dir='ltr'>suerunt</span> <span class='ocrx_word' id='word_1_135' title='bbox 759 2637 939 2718; x_wconf 91' lang='lat' dir='ltr'>homines</span> <span class='ocrx_word' id='word_1_136' title='bbox 959 2638 1147 2718; x_wconf 88' lang='lat' dir='ltr'>divinitus</span> <span class='ocrx_word' id='word_1_137' title='bbox 1166 2637 1315 2731; x_wconf 69' lang='lat' dir='ltr'>edocti,</span> 
     </span>
     <span class='ocr_line' id='line_1_23' title="bbox 160 2745 1316 2858; baseline 0.003 -35"><span class='ocrx_word' id='word_1_138' title='bbox 160 2745 398 2856; x_wconf 88' lang='lat' dir='ltr'>ingenioque</span> <span class='ocrx_word' id='word_1_139' title='bbox 418 2748 661 2858; x_wconf 83' lang='lat' dir='ltr'>praestantes;</span> <span class='ocrx_word' id='word_1_140' title='bbox 692 2751 762 2858; x_wconf 94' lang='lat' dir='ltr'>qui</span> <span class='ocrx_word' id='word_1_141' title='bbox 781 2750 880 2830; x_wconf 91' lang='lat' dir='ltr'>olim</span> <span class='ocrx_word' id='word_1_142' title='bbox 899 2750 1066 2857; x_wconf 80' lang='lat' dir='ltr'>singulas</span> <span class='ocrx_word' id='word_1_143' title='bbox 1085 2767 1185 2829; x_wconf 89' lang='lat' dir='ltr'>artes</span> <span class='ocrx_word' id='word_1_144' title='bbox 1205 2750 1316 2828; x_wconf 90' lang='lat' dir='ltr'>inve-</span> 
     </span>
     <span class='ocr_line' id='line_1_24' title="bbox 160 2858 1315 2968; baseline 0.005 -33"><span class='ocrx_word' id='word_1_145' title='bbox 160 2879 315 2940; x_wconf 88' lang='lat' dir='ltr'>nerunt.</span> <span class='ocrx_word' id='word_1_146' title='bbox 375 2861 607 2941; x_wconf 84' lang='lat' dir='ltr'>inveniendi</span> <span class='ocrx_word' id='word_1_147' title='bbox 632 2881 766 2943; x_wconf 88' lang='lat' dir='ltr'>autem</span> <span class='ocrx_word' id='word_1_148' title='bbox 792 2864 889 2942; x_wconf 91' lang='lat' dir='ltr'>ratio</span> <span class='ocrx_word' id='word_1_149' title='bbox 917 2862 1054 2941; x_wconf 89' lang='lat' dir='ltr'>eadem</span> <span class='ocrx_word' id='word_1_150' title='bbox 1083 2888 1206 2968; x_wconf 90' lang='lat' dir='ltr'>prope</span> <span class='ocrx_word' id='word_1_151' title='bbox 1234 2858 1315 2941; x_wconf 92' lang='lat' dir='ltr'>fuit</span> 
     </span>
     <span class='ocr_line' id='line_1_25' title="bbox 160 2971 1315 3084; baseline 0 -33"><span class='ocrx_word' id='word_1_152' title='bbox 160 2995 246 3076; x_wconf 87' lang='lat' dir='ltr'>quae</span> <span class='ocrx_word' id='word_1_153' title='bbox 264 2974 479 3082; x_wconf 86' lang='lat' dir='ltr'>pingendi:</span> <span class='ocrx_word' id='word_1_154' title='bbox 512 2992 555 3053; x_wconf 90' lang='lat' dir='ltr'>ut</span> <span class='ocrx_word' id='word_1_155' title='bbox 578 2976 687 3055; x_wconf 89' lang='lat' dir='ltr'>enim</span> <span class='ocrx_word' id='word_1_156' title='bbox 713 2976 753 3054; x_wconf 94' lang='lat' dir='ltr'>in</span> <span class='ocrx_word' id='word_1_157' title='bbox 778 2975 930 3084; x_wconf 66' lang='lat' dir='ltr'>pistura</span> <span class='ocrx_word' id='word_1_158' title='bbox 953 2975 1032 3052; x_wconf 91' lang='lat' dir='ltr'>duo</span> <span class='ocrx_word' id='word_1_159' title='bbox 1053 2971 1153 3065; x_wconf 91' lang='lat' dir='ltr'>sunt,</span> <span class='ocrx_word' id='word_1_160' title='bbox 1174 2999 1315 3051; x_wconf 86' lang='lat' dir='ltr'>exem-</span> 
     </span>
     <span class='ocr_line' id='line_1_26' title="bbox 158 3082 1315 3195; baseline 0.001 -34"><span class='ocrx_word' id='word_1_161' title='bbox 158 3082 274 3188; x_wconf 92' lang='lat' dir='ltr'>plum</span> <span class='ocrx_word' id='word_1_162' title='bbox 292 3086 368 3165; x_wconf 86' lang='lat' dir='ltr'>srve</span> <span class='ocrx_word' id='word_1_163' title='bbox 387 3083 637 3194; x_wconf 89' lang='lat' dir='ltr'>archetypus,</span> <span class='ocrx_word' id='word_1_164' title='bbox 658 3106 696 3166; x_wconf 88' lang='lat' dir='ltr'>et</span> <span class='ocrx_word' id='word_1_165' title='bbox 716 3115 775 3166; x_wconf 89' lang='lat' dir='ltr'>ars</span> <span class='ocrx_word' id='word_1_166' title='bbox 795 3085 999 3195; x_wconf 88' lang='lat' dir='ltr'>pingendi,</span> <span class='ocrx_word' id='word_1_167' title='bbox 1021 3084 1071 3162; x_wconf 86' lang='lat' dir='ltr'>src</span> <span class='ocrx_word' id='word_1_168' title='bbox 1089 3083 1130 3161; x_wconf 92' lang='lat' dir='ltr'>in</span> <span class='ocrx_word' id='word_1_169' title='bbox 1149 3103 1230 3162; x_wconf 89' lang='lat' dir='ltr'>arte</span> <span class='ocrx_word' id='word_1_170' title='bbox 1251 3085 1315 3162; x_wconf 92' lang='lat' dir='ltr'>in·</span> 
     </span>
     <span class='ocr_line' id='line_1_27' title="bbox 161 3193 1315 3307; baseline 0.005 -37"><span class='ocrx_word' id='word_1_171' title='bbox 161 3196 364 3290; x_wconf 88' lang='lat' dir='ltr'>venienda,</span> <span class='ocrx_word' id='word_1_172' title='bbox 394 3195 608 3306; x_wconf 89' lang='lat' dir='ltr'>archetypo</span> <span class='ocrx_word' id='word_1_173' title='bbox 640 3197 846 3307; x_wconf 85' lang='lat' dir='ltr'>respondet</span> <span class='ocrx_word' id='word_1_174' title='bbox 875 3215 1012 3276; x_wconf 89' lang='lat' dir='ltr'>natura</span> <span class='ocrx_word' id='word_1_175' title='bbox 1039 3194 1115 3273; x_wconf 87' lang='lat' dir='ltr'>slve</span> <span class='ocrx_word' id='word_1_176' title='bbox 1143 3193 1246 3288; x_wconf 85' lang='lat' dir='ltr'>usus,</span> <span class='ocrx_word' id='word_1_177' title='bbox 1273 3215 1315 3277; x_wconf 92' lang='lat' dir='ltr'>et</span> 
     </span>
     <span class='ocr_line' id='line_1_28' title="bbox 158 3305 1314 3417; baseline 0.002 -35"><span class='ocrx_word' id='word_1_178' title='bbox 158 3307 391 3415; x_wconf 89' lang='lat' dir='ltr'>exemplum</span> <span class='ocrx_word' id='word_1_179' title='bbox 409 3306 623 3387; x_wconf 89' lang='lat' dir='ltr'>hominum</span> <span class='ocrx_word' id='word_1_180' title='bbox 643 3310 877 3417; x_wconf 90' lang='lat' dir='ltr'>peritorum,</span> <span class='ocrx_word' id='word_1_181' title='bbox 891 3310 964 3387; x_wconf 92' lang='lat' dir='ltr'>arti</span> <span class='ocrx_word' id='word_1_182' title='bbox 980 3306 1139 3415; x_wconf 64' lang='lat' dir='ltr'>pistoris</span> <span class='ocrx_word' id='word_1_183' title='bbox 1156 3305 1314 3415; x_wconf 91' lang='lat' dir='ltr'>respon-</span> 
     </span>
     <span class='ocr_line' id='line_1_29' title="bbox 158 3414 1313 3526; baseline 0.004 -33"><span class='ocrx_word' id='word_1_184' title='bbox 158 3414 227 3494; x_wconf 93' lang='lat' dir='ltr'>det</span> <span class='ocrx_word' id='word_1_185' title='bbox 251 3418 425 3525; x_wconf 80' lang='lat' dir='ltr'>Logica3</span> <span class='ocrx_word' id='word_1_186' title='bbox 457 3418 593 3498; x_wconf 89' lang='lat' dir='ltr'>saltem</span> <span class='ocrx_word' id='word_1_187' title='bbox 619 3421 819 3511; x_wconf 89' lang='lat' dir='ltr'>naturalis,</span> <span class='ocrx_word' id='word_1_188' title='bbox 846 3447 932 3526; x_wconf 87' lang='lat' dir='ltr'>quae</span> <span class='ocrx_word' id='word_1_189' title='bbox 958 3417 1121 3498; x_wconf 88' lang='lat' dir='ltr'>facultas</span> <span class='ocrx_word' id='word_1_190' title='bbox 1147 3417 1227 3526; x_wconf 84' lang='lat' dir='ltr'>ipsa</span> <span class='ocrx_word' id='word_1_191' title='bbox 1254 3447 1313 3498; x_wconf 89' lang='lat' dir='ltr'>ra-</span> 
     </span>
     <span class='ocr_line' id='line_1_30' title="bbox 160 3527 1313 3638; baseline 0.003 -33"><span class='ocrx_word' id='word_1_192' title='bbox 160 3528 277 3608; x_wconf 89' lang='lat' dir='ltr'>tionis</span> <span class='ocrx_word' id='word_1_193' title='bbox 289 3529 330 3608; x_wconf 92' lang='lat' dir='ltr'>in</span> <span class='ocrx_word' id='word_1_194' title='bbox 343 3549 475 3610; x_wconf 85' lang='lat' dir='ltr'>mente</span> <span class='ocrx_word' id='word_1_195' title='bbox 491 3527 665 3611; x_wconf 90' lang='lat' dir='ltr'>hominis</span> <span class='ocrx_word' id='word_1_196' title='bbox 680 3531 737 3611; x_wconf 88' lang='lat' dir='ltr'>est</span> <span class='ocrx_word' id='word_1_197' title='bbox 750 3560 760 3624; x_wconf 91' lang='lat'>;</span> <span class='ocrx_word' id='word_1_198' title='bbox 773 3530 889 3638; x_wconf 85' lang='lat' dir='ltr'>juxta</span> <span class='ocrx_word' id='word_1_199' title='bbox 900 3530 999 3610; x_wconf 92' lang='lat' dir='ltr'>illud</span> <span class='ocrx_word' id='word_1_200' title='bbox 1011 3529 1132 3636; x_wconf 84' lang='lat' dir='ltr'>vulgo</span> <span class='ocrx_word' id='word_1_201' title='bbox 1144 3530 1313 3624; x_wconf 69' lang='lat' dir='ltr'>distum,</span> 
     </span>
     <span class='ocr_line' id='line_1_31' title="bbox 158 3640 643 3722; baseline 0.006 -5"><span class='ocrx_word' id='word_1_202' title='bbox 158 3640 235 3719; x_wconf 88' lang='lat' dir='ltr'>Ars</span> <span class='ocrx_word' id='word_1_203' title='bbox 255 3641 433 3722; x_wconf 89' lang='lat' dir='ltr'>imitatur</span> <span class='ocrx_word' id='word_1_204' title='bbox 451 3661 643 3722; x_wconf 88' lang='lat' dir='ltr'>naturam.</span> 
     </span>
    </p>

    <p class='ocr_par' dir='ltr' id='par_1_7' title="bbox 158 3752 1313 4420">
     <span class='ocr_line' id='line_1_32' title="bbox 218 3752 1310 3862; baseline 0.001 -31"><span class='ocrx_word' id='word_1_205' title='bbox 218 3754 337 3832; x_wconf 89' lang='lat' dir='ltr'>Ratio</span> <span class='ocrx_word' id='word_1_206' title='bbox 364 3774 497 3833; x_wconf 89' lang='lat' dir='ltr'>autem</span> <span class='ocrx_word' id='word_1_207' title='bbox 523 3753 597 3834; x_wconf 88' lang='lat' dir='ltr'>five</span> <span class='ocrx_word' id='word_1_208' title='bbox 622 3755 786 3860; x_wconf 86' lang='lat' dir='ltr'>Logica,</span> <span class='ocrx_word' id='word_1_209' title='bbox 813 3753 989 3862; x_wconf 90' lang='lat' dir='ltr'>primum</span> <span class='ocrx_word' id='word_1_210' title='bbox 1014 3752 1081 3831; x_wconf 90' lang='lat' dir='ltr'>illa</span> <span class='ocrx_word' id='word_1_211' title='bbox 1111 3752 1310 3847; x_wconf 88' lang='lat' dir='ltr'>naturalis,</span> 
     </span>
     <span class='ocr_line' id='line_1_33' title="bbox 159 3861 1311 3976; baseline 0.003 -36"><span class='ocrx_word' id='word_1_212' title='bbox 159 3861 300 3944; x_wconf 91' lang='lat' dir='ltr'>deinde</span> <span class='ocrx_word' id='word_1_213' title='bbox 327 3865 546 3959; x_wconf 86' lang='lat' dir='ltr'>artificiosa,</span> <span class='ocrx_word' id='word_1_214' title='bbox 566 3883 734 3976; x_wconf 89' lang='lat' dir='ltr'>quatuor</span> <span class='ocrx_word' id='word_1_215' title='bbox 762 3865 944 3945; x_wconf 92' lang='lat' dir='ltr'>adhibuit</span> <span class='ocrx_word' id='word_1_216' title='bbox 969 3863 1039 3944; x_wconf 85' lang='lat' dir='ltr'>fibi</span> <span class='ocrx_word' id='word_1_217' title='bbox 1065 3863 1171 3972; x_wconf 80' lang='lat' dir='ltr'>quasi</span> <span class='ocrx_word' id='word_1_218' title='bbox 1198 3864 1311 3969; x_wconf 85' lang='lat' dir='ltr'>adju-</span> 
     </span>
     <span class='ocr_line' id='line_1_34' title="bbox 160 3974 1313 4086; baseline 0.002 -34"><span class='ocrx_word' id='word_1_219' title='bbox 160 3991 276 4069; x_wconf 89' lang='lat' dir='ltr'>tores,</span> <span class='ocrx_word' id='word_1_220' title='bbox 300 3976 386 4084; x_wconf 82' lang='lat' dir='ltr'>teste</span> <span class='ocrx_word' id='word_1_221' title='bbox 411 3977 571 4085; x_wconf 70' lang='lat' dir='ltr'>Arssot.</span> <span class='ocrx_word' id='word_1_222' title='bbox 599 3974 824 4086; x_wconf 89' lang='lat' dir='ltr'>Metaphys.</span> <span class='ocrx_word' id='word_1_223' title='bbox 851 4005 887 4057; x_wconf 92' lang='lat'>1.</span> <span class='ocrx_word' id='word_1_224' title='bbox 915 4005 951 4056; x_wconf 90' lang='lat' dir='ltr'>c.</span> <span class='ocrx_word' id='word_1_225' title='bbox 979 4005 1015 4068; x_wconf 91' lang='lat'>1,</span> <span class='ocrx_word' id='word_1_226' title='bbox 1043 3974 1209 4069; x_wconf 89' lang='lat' dir='ltr'>sensum,</span> <span class='ocrx_word' id='word_1_227' title='bbox 1237 3976 1313 4054; x_wconf 91' lang='lat' dir='ltr'>ob-</span> 
     </span>
     <span class='ocr_line' id='line_1_35' title="bbox 158 4083 1312 4197; baseline 0.003 -35"><span class='ocrx_word' id='word_1_228' title='bbox 158 4083 428 4180; x_wconf 89' lang='lat' dir='ltr'>servationem,</span> <span class='ocrx_word' id='word_1_229' title='bbox 460 4088 745 4182; x_wconf 59' lang='lat' dir='ltr'>inductionem,</span> <span class='ocrx_word' id='word_1_230' title='bbox 777 4107 818 4168; x_wconf 89' lang='lat' dir='ltr'>et</span> <span class='ocrx_word' id='word_1_231' title='bbox 843 4087 1141 4197; x_wconf 89' lang='lat' dir='ltr'>experientiam.</span> <span class='ocrx_word' id='word_1_232' title='bbox 1202 4087 1312 4166; x_wconf 92' lang='lat' dir='ltr'>Cum</span> 
     </span>
     <span class='ocr_line' id='line_1_36' title="bbox 158 4197 1311 4308; baseline 0.001 -34"><span class='ocrx_word' id='word_1_233' title='bbox 158 4199 267 4277; x_wconf 89' lang='lat' dir='ltr'>enirn</span> <span class='ocrx_word' id='word_1_234' title='bbox 286 4219 477 4308; x_wconf 87' lang='lat' dir='ltr'>praecepta</span> <span class='ocrx_word' id='word_1_235' title='bbox 491 4200 635 4280; x_wconf 88' lang='lat' dir='ltr'>artium</span> <span class='ocrx_word' id='word_1_236' title='bbox 654 4201 850 4308; x_wconf 86' lang='lat' dir='ltr'>generalia</span> <span class='ocrx_word' id='word_1_237' title='bbox 870 4197 1311 4304; x_wconf 83' lang='lat' dir='ltr'>fint,eanis1exfingu·</span> 
     </span>
     <span class='ocr_line' id='line_1_37' title="bbox 158 4306 1308 4420; baseline 0.003 -33"><span class='ocrx_word' id='word_1_238' title='bbox 158 4309 318 4405; x_wconf 91' lang='lat' dir='ltr'>laribus,</span> <span class='ocrx_word' id='word_1_239' title='bbox 350 4312 557 4419; x_wconf 85' lang='lat' dir='ltr'>fingularia</span> <span class='ocrx_word' id='word_1_240' title='bbox 588 4311 657 4389; x_wconf 87' lang='lat' dir='ltr'>nifi</span> <span class='ocrx_word' id='word_1_241' title='bbox 688 4310 797 4392; x_wconf 91' lang='lat' dir='ltr'>sensu</span> <span class='ocrx_word' id='word_1_242' title='bbox 828 4311 979 4420; x_wconf 90' lang='lat' dir='ltr'>percipi</span> <span class='ocrx_word' id='word_1_243' title='bbox 1009 4337 1088 4388; x_wconf 92' lang='lat' dir='ltr'>non</span> <span class='ocrx_word' id='word_1_244' title='bbox 1119 4306 1308 4417; x_wconf 77' lang='lat' dir='ltr'>possunt:</span> 
     </span>
    </p>
   </div>
   <div class='ocr_carea' id='block_1_3' title="bbox 158 4419 1316 4531">
    <p class='ocr_par' dir='ltr' id='par_1_8' title="bbox 158 4419 1316 4531">
     <span class='ocr_line' id='line_1_38' title="bbox 158 4419 1316 4531; baseline 0.002 -33"><span class='ocrx_word' id='word_1_245' title='bbox 158 4420 284 4501; x_wconf 90' lang='lat' dir='ltr'>sensus</span> <span class='ocrx_word' id='word_1_246' title='bbox 313 4422 390 4503; x_wconf 88' lang='lat' dir='ltr'>fine</span> <span class='ocrx_word' id='word_1_247' title='bbox 416 4423 696 4514; x_wconf 90' lang='lat' dir='ltr'>observatione,</span> <span class='ocrx_word' id='word_1_248' title='bbox 720 4451 807 4531; x_wconf 86' lang='lat' dir='ltr'>quae</span> <span class='ocrx_word' id='word_1_249' title='bbox 833 4420 1017 4530; x_wconf 84' lang='lat' dir='ltr'>exempla</span> <span class='ocrx_word' id='word_1_250' title='bbox 1044 4419 1192 4528; x_wconf 83' lang='lat' dir='ltr'>fingula</span> <span class='ocrx_word' id='word_1_251' title='bbox 1223 4449 1316 4500; x_wconf 75' lang='lat' dir='ltr'>me-</span> 
     </span>
    </p>
   </div>
   <div class='ocr_carea' id='block_1_4' title="bbox 0 0 1482 4980">
    <p class='ocr_par' dir='ltr' id='par_1_9' title="bbox 0 0 1482 4980">
     <span class='ocr_line' id='line_1_39' title="bbox 0 0 1482 4980; baseline 0 0"><span class='ocrx_word' id='word_1_252' title='bbox 0 0 1482 4980; x_wconf 95' lang='lat' dir='ltr'> </span> 
     </span>
    </p>
   </div>
  </div>
 </body>
</html>
