2956 4980
292 267 369 320 110
688 229 815 322 Artis
841 229 1024 358 Logicae
1226 224 1336 322 Lib.
1360 264 1399 321 2.

282 403 325 479 in
353 402 600 510 contingenti
624 402 821 482 axiomate
851 429 929 483 non
946 401 1230 530 disponuntur.
1291 401 1431 510 Neque

282 512 431 593 idcirco
458 542 538 594 non
563 513 619 593 est
642 515 779 622 opinio
805 516 1092 624 praeteritorum
1110 532 1150 593 et
1174 511 1431 622 praesentium,

282 623 390 731 quod
421 624 626 705 manifesta
659 626 804 721 sunt,
793 655 920 706 ammo
951 646 1038 707 tum
1071 623 1248 705 maximd
1282 626 1432 736 opinari

281 738 550 866 contingentia
572 737 764 832 dicimur;
795 767 886 818 nam
914 738 1033 818 dubia
1060 739 1088 818 fi
1116 736 1216 830 sunt,
1238 735 1315 816 five
1343 764 1433 816 con·

283 850 476 956 tingentia
505 850 580 929 five
608 850 828 943 neceffaria,
853 879 901 929 ne
928 851 1139 958 opinamur
1165 847 1348 958 quidem,
1375 847 1434 927 sed

282 960 531 1041 dubitamus:
568 980 607 1040 et
634 961 838 1042 neceffaria
866 962 1017 1042 tametfi
1043 961 1130 1041 sunt
1156 980 1277 1069 atque
1303 958 1434 1041 certis·

282 1073 391 1166 sima,
419 1074 446 1153 fi
476 1073 633 1153 causam
663 1074 871 1168 nescimus,
901 1076 1023 1154 etiam
1051 1102 1097 1153 ea
1126 1073 1321 1153 duntaxat
1351 1073 1433 1183 opi·

283 1212 438 1264 namur.

338 1298 409 1390 At,
432 1297 599 1406 inquies,
619 1298 813 1405 praeterita
839 1316 880 1377 et
907 1295 1104 1406 praesentia
1130 1323 1208 1376 non
1232 1294 1323 1375 sunt
1341 1322 1432 1375 con·

279 1408 487 1516 tingentia,
502 1408 565 1487 sed
581 1408 785 1489 neceffaria
788 1410 906 1517 ,quia
921 1409 1008 1488 sunt
1025 1407 1315 1500 immutabilia;
1345 1434 1432 1487 nam

281 1547 410 1628 neque
430 1519 579 1600 fanum
595 1519 787 1600 infectum
806 1521 890 1602 fieri
910 1520 1061 1631 potest;
1092 1540 1132 1601 et
1150 1518 1346 1631 quicquid
1365 1519 1431 1612 est,

281 1633 457 1741 quandiu
487 1632 557 1726 est,
583 1631 730 1712 neceffe
756 1633 811 1713 est
837 1633 925 1712 effe.
986 1632 1338 1743 Respondendum,
1366 1657 1432 1710 ne·

281 1744 379 1824 ceffe
399 1745 564 1854 quidem
590 1744 680 1837 effe,
701 1762 746 1823 ut
764 1746 873 1854 quod
899 1744 989 1840 fuit,
1010 1744 1144 1838 fuerit,
1164 1763 1205 1824 et
1222 1742 1369 1851 quod
1353 1770 1433 1848 Jam

280 1856 350 1951 est,
378 1857 445 1951 fit;
478 1884 548 1936 nec
579 1876 712 1935 tamen
741 1855 864 1964 sequi,
893 1876 937 1936 ut
951 1857 1075 1986 ‘quod
1102 1857 1179 1937 fuit
1206 1856 1269 1935 vel
1297 1854 1368 1949 est,
1392 1855 1434 1933 fit

281 1916 445 2076 prdprie
478 1967 746 2047 neceffarium.
811 1969 858 2047 ln
897 1971 1094 2049 axiomate
1131 1968 1240 2047 enim
1278 1968 1432 2048 contin-

280 2081 405 2185 genti,
425 2082 634 2188 praeterito,
654 2080 718 2160 vel
738 2079 912 2188 prasenti
931 2109 1018 2188 quae
1035 2081 1190 2161 videtur
1208 2078 1284 2159 effe
1305 2077 1432 2159 neces-

280 2192 381 2286 fitas,
402 2191 575 2272 absoluta
594 2219 672 2271 non
693 2192 762 2285 est,
784 2219 911 2298 neque
931 2221 982 2273 ex
1006 2220 1138 2274 rerum
1163 2190 1432 2300 dispofitarum

279 2324 429 2398 natura,
455 2303 518 2383 sed
550 2331 601 2382 ex
631 2304 855 2384 conditione
887 2305 1076 2385 duntaxat
1104 2324 1143 2384 et
1168 2304 1256 2410 lege¹
1278 2322 1432 2382 contra·

278 2417 460 2496 didtionis
479 2415 648 2525 pendet:
679 2415 778 2495 dum
793 2417 902 2495 enim
918 2415 1067 2525 aliquid
1085 2417 1154 2510 est,
1169 2443 1248 2496 non
1264 2414 1341 2493 effe
1357 2441 1432 2494 non

280 2528 429 2636 potest;
458 2555 584 2635 neque
604 2527 702 2607 dum
714 2555 852 2607 verum
872 2529 939 2621 est,
953 2528 1027 2607 effe
1048 2526 1213 2608 falsum:
1239 2546 1279 2606 et
1300 2546 1431 2607 tamen

279 2637 387 2746 quod
408 2665 511 2717 nunc
530 2667 668 2718 verum
695 2639 764 2732 est,
786 2638 872 2718 fieri
898 2641 1024 2751 potest
1052 2659 1096 2720 ut
1120 2637 1333 2748 aliquando
1360 2636 1431 2717 fal·

279 2749 366 2830 sum
385 2749 518 2843 fuerit,
534 2771 602 2830 aut
621 2750 802 2830 futurum
825 2752 883 2831 fit.
936 2752 1049 2832 Idem
1068 2752 1116 2831 de
1136 2750 1279 2831 futuris
1299 2750 1431 2831 dicen·

278 2861 556 2970 dum3s1quid
586 2860 767 2943 futurum
791 2862 898 2943 certo
931 2864 1001 2958 est,
1031 2865 1070 2942 id
1096 2862 1242 2943 neceffe
1266 2863 1326 2941 est
1350 2860 1431 2942 fore

278 2974 442 3083 quidem
460 3002 600 3054 verum
621 2975 757 3081 (omne
780 3003 821 3054 n.
843 2976 1001 3056 axioma
1019 3004 1158 3055 verum
1184 2974 1240 3054 est
1264 2992 1334 3053 aut
1359 2971 1432 3053 fal·

278 3086 380 3192 sum)
404 3115 481 3165 non
504 3106 633 3166 tamen
654 3087 920 3169 necessarium.
967 3088 1014 3167 Id
1027 3089 1097 3167 nisi
1110 3106 1303 3180 teneatur,
1315 3112 1432 3166 omne

276 3199 507 3304 contingens
534 3198 714 3279 futurum
739 3202 813 3279 erit
840 3199 1105 3294 neceffarium,
1125 3198 1233 3308 quod
1253 3198 1434 3307 implicat

277 3309 642 3390 contradictionem.
684 3312 909 3392 Hocetiam
923 3313 1181 3405 monendum,
1195 3309 1331 3391 futura
1342 3310 1432 3418 qui·

278 3422 370 3501 dem
392 3421 472 3529 ipsa
492 3450 619 3530 neque
638 3451 728 3502 vera
748 3424 823 3503 esse
849 3452 977 3532 neque
999 3422 1105 3519 falsa,
1126 3451 1254 3532 neque
1273 3424 1433 3503 contin-

275 3534 421 3640 gentia,
443 3562 570 3642 neque
598 3535 816 3629 neceffaria,
837 3536 1015 3616 nondum
1043 3564 1082 3614 n.
1107 3535 1209 3628 sunt,
1235 3534 1299 3613 sed
1327 3534 1433 3613 affir-

276 3645 398 3724 matio
426 3642 552 3726 solum
576 3647 625 3726 de
651 3648 698 3726 iis
721 3669 788 3727 aut
813 3648 969 3755 negatio
995 3650 1035 3727 in
1060 3647 1266 3742 futurum3
1302 3643 1433 3755 ddque

275 3759 478 3866 praeteritis
498 3758 640 3837 eodem
659 3760 780 3839 modo
801 3760 1060 3840 sentiendum.

329 3870 492 3950 Axioma
521 3871 570 3977 est
599 3871 847 3979 neccffarium,
868 3872 1011 3982 quando
1031 3872 1180 3980 semper
1205 3870 1431 3979 verumest,

273 4009 339 4059 nec
343 3981 420 4085 fa
402 3982 490 4088 sum
502 3981 619 4090 potest
637 3982 715 4091 esti.

332 4093 423 4172 Nec
442 4093 677 4202 supervacua
706 4093 895 4222 posterior
920 4092 1001 4173 haec
1026 4093 1198 4176 clausula
1214 4093 1296 4175 est.
1328 4092 1431 4173 sem·

272 4231 343 4313 per
362 4233 402 4287 n.
426 4205 500 4284 effe
519 4234 658 4287 verum
678 4207 799 4284 etiam
818 4207 1050 4314 contingens
1076 4206 1227 4317 potest;
1256 4205 1428 4285 neceffa·

273 4319 378 4397 rium
398 4337 530 4397 autem
551 4346 629 4396 non
650 4317 771 4397 modo
787 4318 939 4426 semper
958 4319 1014 4398 est
1032 4346 1187 4411 verum,
1200 4317 1265 4399 sed
1284 4316 1426 4397 falsum

273 4429 346 4508 eise
368 4458 445 4509 non
465 4431 604 4539 potest.
667 4431 730 4509 Sic
750 4449 884 4523 etiam
906 4432 1065 4538 Arssot.
1089 4430 1188 4539 Post.
1216 4458 1251 4509 1.
1276 4431 1346 4510 26.
