2956 4980
163 236 245 343 384
471 215 684 353 Epistola
713 213 994 313 Familiares.

157 414 267 476 catus
287 395 411 475 indies
431 397 675 504 expediatur,
696 420 766 501 per
793 419 888 472 eum
912 412 958 473 ut
980 392 1169 502 consequi
1194 393 1310 504 poffis

158 535 246 616 quae
264 507 361 587 velis
386 505 502 587 facile
522 505 620 602 effe;
650 531 879 615 quanquam
906 505 953 585 id
975 503 1061 585 sane
1089 505 1195 586 mihi
1220 535 1310 617 per-

159 639 319 724 gratum
338 618 546 713 accidisset,
568 618 595 697 fi
615 645 675 697 res
695 636 777 696 tam
803 615 1015 728 praescrtim
1032 621 1208 728 optanda
1226 647 1311 728 qua

160 731 219 826 stt,
240 732 330 810 med
349 732 480 841 potius
496 730 627 838 opella
646 730 782 809 saltem
807 729 1018 837 aliquando
1037 731 1127 839 plus
1147 759 1309 840 promo·

159 843 284 937 visset,
304 871 398 922 cum
416 843 461 922 lit
480 843 689 950 indignum
705 860 786 920 tam
801 840 875 920 tibi
893 839 1052 920 honesta
1069 861 1110 922 et
1129 844 1310 952 praeclara

159 955 397 1063 suscipienti,
419 981 497 1032 non
517 981 656 1033 omnes
681 953 943 1060 undecunque
968 952 1167 1049 homines,
1188 976 1230 1037 et
1250 985 1307 1035 ra-

160 1068 299 1160 tiones,
312 1085 352 1146 et
371 1094 430 1145 res
451 1064 594 1145 favere.
655 1067 720 1145 De
739 1083 891 1158 caetero,
904 1092 1008 1145 novo
1025 1067 1222 1148 beneficio
1241 1069 1308 1147 de·

159 1179 345 1272 vinxeris,
367 1178 393 1256 fi
415 1177 779 1257 Eminentiffimum
800 1177 1051 1258 Cardinalem
1070 1181 1220 1288 quantd
1238 1209 1308 1290 po-

161 1289 235 1369 test
257 1288 498 1370 observantia
528 1318 618 1369 meo
646 1291 808 1368 nomine
840 1288 992 1382 salutes,
1016 1291 1126 1397 cujus
1157 1320 1309 1401 magna

159 1403 337 1497 virtutes,
353 1399 526 1509 remque
547 1401 734 1493 studium,
746 1404 796 1480 ad
815 1397 1082 1510 provehendas
1102 1404 1203 1483 item
1223 1433 1308 1484 om·

160 1541 228 1593 nes
259 1517 376 1593 Artes
408 1513 608 1593 Liberales
642 1515 800 1620 egregie
833 1533 1122 1622 comparatum,
1156 1516 1309 1625 semper

161 1622 264 1705 mihi
282 1627 334 1705 ob
354 1626 489 1718 oculos
507 1624 732 1718 versantur3
764 1645 850 1703 tum
878 1626 945 1704 illa
973 1628 1095 1721 mitis,
1115 1645 1173 1721 et,
1193 1649 1242 1709 ut
1259 1630 1310 1708 ita

163 1737 309 1832 dicam,
330 1736 527 1817 summissa
547 1737 670 1817 animi
689 1736 890 1830 celfitudo,
911 1764 998 1843 quae
1022 1736 1099 1818 sola
1119 1738 1157 1818 se
1177 1741 1309 1851 depri-

160 1850 306 1929 mendo
323 1848 499 1928 attollere
513 1849 676 1941 didicit;
693 1849 741 1928 de
756 1876 833 1956 qua
847 1876 936 1928 vere
952 1850 1031 1929 dici
1047 1851 1191 1959 potest,
1203 1854 1309 1962 quod

161 1960 211 2039 de
232 1963 370 2039 Cerere
395 1960 500 2069 apud
522 1961 788 2040 Callimachum
811 1959 880 2054 est,
902 1961 1052 2042 divers&
1071 1982 1206 2043 tamen
1227 1965 1310 2045 sen-

160 2071 296 2165 tentiis,
323 2066 458 2179 ἴθματα
482 2107 544 2179 μεν
570 2068 683 2177 >gipso
711 2070 854 2170 κεφαλαὶ
881 2068 914 2153 di
942 2069 979 2154 οἷ’
993 2069 1123 2155 ἅπτετ’
1144 2075 1307 2186 ὂλῦμπω.

164 2183 286 2375 de
306 2184 451 2262 caeteris
468 2181 549 2263 fere
564 2185 812 2293 Principibus
826 2183 1065 2266 documento
1080 2187 1156 2267 effe
1170 2190 1309 2298 potest,

163 2299 213 2376 tri
248 2324 269 2375 e
289 2296 388 2375 illud
409 2295 676 2405 supercilium,
697 2314 737 2375 et
756 2296 874 2374 aulici
896 2294 1029 2391 fastus,
1049 2327 1173 2406 quam
1193 2302 1309 2409 longe

163 2406 185 2488 a
215 2435 306 2487 vera
345 2409 668 2514 magnanimitate
702 2407 962 2516 discrepantes
996 2429 1036 2489 et
1068 2411 1188 2492 alieni
1225 2416 1308 2493 fint.

165 2521 255 2599 Nec
283 2539 379 2626 puto
407 2517 505 2613 fore,
528 2521 625 2598 dum
658 2521 724 2599 ille
750 2521 862 2613 vivit,
891 2520 1067 2629 Estensts,
1099 2525 1308 2631 Farnastos,

159 2649 231 2709 aut
248 2629 445 2722 Mediceos,
466 2631 564 2709 olim
592 2631 798 2711 doctorum
825 2630 1036 2712 hominum
1060 2633 1250 2732 fautores,
1270 2656 1309 2716 ut

163 2742 250 2850 quis
274 2740 445 2850 amplius
466 2742 668 2822 desideret.
729 2743 843 2834 Vale,
876 2745 1108 2826 Dostiffime
1129 2750 1306 2858 Holsteni,

162 2874 202 2934 et
222 2854 248 2932 sr
268 2855 356 2963 quis
377 2850 704 2961 tui,tuorr‘1mque
726 2854 943 2933 studiorum
962 2861 1158 2938 amantior
1177 2861 1235 2941 est
1254 2862 1307 2940 illi

161 2995 226 3045 me
246 2993 420 3075 quoque,
442 2966 469 3044 li
489 2966 528 3044 id
549 2966 622 3045 esse
644 2967 739 3045 tanti
759 2966 973 3063 existimas,
994 2970 1222 3081 ubicunque
1242 2974 1307 3053 srm

162 3080 341 3186 gentium
362 3075 530 3170 futurus,
552 3080 672 3156 velim
693 3105 939 3158 annumeres.

220 3189 434 3280 Florentiae,
457 3190 596 3268 Martii
621 3218 688 3295 30,
715 3193 833 3296 1639.

340 3598 403 3649 1o.
439 3576 572 3653 Carolo
592 3578 698 3655 Dato
721 3577 892 3657 Patricio
914 3579 1140 3659 Florentino.

248 3747 391 3827 Erlatis
412 3747 614 3856 inopinati>
635 3750 778 3831 Literis
802 3751 849 3829 ad
877 3780 942 3830 me
969 3753 1060 3847 tuis,
1083 3754 1139 3830 mi
1162 3755 1311 3847 Carole,

274 3860 432 3968 quants,
453 3879 493 3940 et
517 3889 637 3967 quam
666 3863 766 3941 noval
794 3862 864 3941 fim
889 3863 1089 3973 voluptate
1118 3863 1312 3972 perfusus,

160 3972 481 4079 quandoquidem
502 4001 579 4051 non
601 3974 720 4053 estut
739 4002 811 4082 pro
831 4003 872 4053 re
892 3974 980 4053 satis
1000 4004 1143 4084 queam
1164 3977 1311 4071 dicere,

161 4083 252 4161 volo
272 4109 322 4160 ex
343 4083 478 4164 dolore
499 4084 648 4179 saltem,
671 4086 747 4164 sine
772 4113 852 4192 quo
872 4087 941 4165 vix
966 4089 1046 4166 ulla
1073 4114 1217 4194 magna
1238 4086 1313 4168 ho-

161 4194 332 4274 minibus
357 4193 562 4275 delectatio
582 4198 754 4276 concessa
774 4197 844 4290 est,
866 4198 905 4275 id
927 4199 1174 4307 aliquantum
1194 4200 1313 4280 intel·

159 4307 270 4415 ligas.
312 4306 424 4385 Dum
446 4309 553 4386 enim
570 4309 641 4387 illa
663 4328 727 4388 tua
748 4309 874 4416 prima
896 4337 1095 4417 percurro,
1110 4313 1151 4389 in
1167 4312 1313 4418 quibus

158 4419 465 4524 elegantiarum
486 4421 660 4498 amicitia
686 4418 850 4528 pulchre
876 4420 963 4500 sane
984 4425 1202 4517 contendit,
1225 4451 1313 4503 me-
