2956 4980
320 233 485 328 Literae
512 230 705 330 Oliverii
730 238 1019 333 Protedons.
1169 279 1242 359 321

89 409 192 516 quin
211 403 294 488 haec
314 425 420 489 tanta
444 410 667 504 crudelitas,
694 411 772 518 qus
795 411 836 489 in
860 408 1041 491 homines
1065 412 1246 492 innoxios

88 539 211 630 atque
230 521 368 630 inopes
388 541 470 602 tam
490 522 650 601 barbare
663 522 835 602 saevitum
851 524 921 617 est,
937 521 1192 603 vehementer
1207 526 1244 603 ei

89 631 296 742 displiceat
314 652 431 742 atque
451 632 596 713 offensa
616 635 683 728 s1t;
717 636 768 714 ita
788 634 889 714 mihi
904 634 1017 714 facili:
1035 636 1244 744 persuadeo

89 771 179 852 quae
194 772 270 852 ego
290 741 532 851 iMajestate
554 747 682 853 Regis
701 746 860 826 illorum
881 747 992 826 causa
1011 747 1245 826 miserorum

90 876 200 966 peto,
215 858 263 937 ad
281 886 326 937 ea
339 858 584 968 impetranda
596 858 761 937 vestram
776 886 934 967 quoque
948 887 1109 969 operam
1126 879 1243 967 atque

89 970 276 1077 gratiam,
307 970 416 1049 velut
443 969 666 1063 cumulum,
696 970 944 1051 accessuram.
1006 973 1114 1050 Cum
1142 970 1244 1051 nihil

91 1080 208 1189 plani
228 1082 274 1161 s1t
291 1082 400 1190 quod
423 1083 655 1162 Francorum
674 1082 789 1163 Genti
805 1083 1120 1162 benevolentiam
1140 1084 1244 1192 apud

90 1191 179 1273 suos
198 1221 335 1274 omnes
348 1195 498 1273 vicinos
512 1193 743 1300 Reformatae
756 1195 956 1302 Religionis
971 1195 1140 1275 cultores
1160 1223 1246 1275 ma-

84 1302 219 1410 jorem
242 1307 526 1399 conciliaverit,
550 1334 672 1414 quam
696 1306 851 1386 libertas
877 1307 944 1386 illa
970 1334 1015 1386 ac
1040 1307 1245 1416 privilegia

90 1443 179 1524 quae
197 1446 248 1497 ex
267 1418 404 1498 edistis
425 1417 500 1498 suis
517 1440 635 1526 atque
651 1419 745 1497 asiis
765 1419 932 1528 publicis
952 1419 1132 1527 permissa
1146 1420 1245 1499 Pro·

92 1529 322 1610 testantibus
353 1549 470 1639 atque
502 1528 676 1609 concessa
708 1529 808 1611 sunt.
874 1533 926 1610 Et
960 1530 1042 1610 haec
1080 1531 1244 1638 quidem

93 1641 333 1750 Respublica
351 1671 444 1721 cum
465 1661 625 1751 propter
650 1642 743 1722 alias
768 1663 856 1723 tum
880 1641 981 1722 hanc
1000 1643 1245 1751 potiffimum

91 1752 147 1834 ob
177 1754 332 1834 causam
370 1754 563 1835 Gallorum
601 1755 818 1834 amicitiam
852 1782 896 1834 ac
924 1755 1244 1834 necessitudinem

92 1864 285 1971 majorem
301 1870 341 1946 in
358 1868 525 1947 modum
541 1868 746 1973 expetivit.
807 1868 871 1946 De
883 1895 961 1976 qua
976 1868 1245 1948 constituenda

84 1977 242 2084 jamdiu
268 2007 363 2061 cum
390 1981 536 2086 Legata
570 1978 685 2084 Regio
708 1979 813 2088 apud
840 2007 909 2059 nos
933 1979 1063 2086 agitur
1086 1979 1244 2089 ejusque

93 2091 273 2170 tractatio
293 2091 378 2196 jam
399 2089 498 2200 pene
523 2090 571 2169 ad
591 2092 743 2169 exitum
769 2095 955 2200 perducta
978 2094 1049 2170 est.
1111 2092 1241 2200 Qud!

90 2202 199 2310 quod
223 2203 344 2282 etiam
374 2202 575 2309 fingularis
600 2202 819 2308 benignitas
840 2204 1077 2283 Eminentiae
1099 2204 1243 2310 vestrae,

90 2342 139 2394 ac
158 2314 390 2404 moderatio,
411 2343 530 2425 quam
551 2315 590 2392 in
612 2313 775 2395 summis
788 2316 920 2421 Regni
937 2316 1050 2394 rebus
1065 2315 1248 2421 gerendis¹

91 2453 187 2534 erga
200 2426 595 2535 ProtessantesGalliae
606 2425 759 2534 semper
772 2426 905 2505 testata
918 2426 986 2520 est,
1003 2425 1243 2534 aprudentia

91 2539 217 2618 vestra
248 2558 289 2619 et
313 2540 586 2646 magnitudine
616 2539 739 2616 animi
771 2557 815 2617 ut
843 2535 920 2617 hoc
944 2537 1095 2647 sperem
1126 2558 1244 2647 atque

92 2653 315 2759 expectem,
336 2651 453 2744 facit3
485 2679 561 2758 qua
587 2678 637 2730 ex
662 2678 703 2729 re
727 2669 767 2728 et
792 2649 1047 2731 fundamenta
1069 2652 1243 2731 aritioris

91 2762 214 2842 etiam
243 2763 530 2842 necessitudinis
559 2763 661 2840 inter
689 2759 791 2842 hanc
823 2764 1112 2870 Rempublicant,
1141 2766 1243 2869 Reg-

90 2901 249 2983 numque
267 2874 452 2954 Gallicum
468 2872 680 2953 Eminentia
699 2875 823 2983 vestra
835 2873 989 2979 jecerit,
1010 2903 1153 2984 meque
1174 2873 1244 2953 fibi

90 2986 280 3095 privatim
290 2986 339 3065 ad
351 2987 480 3066 officia
491 2986 624 3066 omnia
637 2983 891 3066 humanitatis
907 3013 951 3064 ac
963 2986 1243 3066 benevolentiae

90 3097 259 3177 viciffim
292 3098 488 3179 reddenda
517 3097 771 3205 obligaverit:
812 3100 987 3204 adeoque
1017 3095 1093 3179 hoc
1123 3099 1243 3177 velim

91 3211 323 3292 Eminentia
342 3210 465 3289 vestra
485 3210 554 3289 fibi
574 3208 897 3317 persuasissimum
917 3209 1071 3290 habeat.

464 3322 699 3402 Eminentia
719 3323 849 3403 vestrae
868 3323 1181 3403 studiosissimus.

92 3652 295 3794 Oliverius
309 3716 506 3795 Protee'sor
518 3712 626 3822 Reip.
640 3713 809 3822 Angliae,
824 3710 1043 3817 Sereniffinto
1056 3739 1103 3790 ac
1112 3727 1241 3820 poten·

153 3890 155 3894 Α
203 3823 327 3932 tifflmo
349 3825 527 3934 Principi
547 3827 752 3906 Ludovico
776 3826 989 3905 Galliarum
1008 3822 1118 3931 Regi.

89 3985 338 4066 Serenissime
359 3986 700 4096 potentisfimeque
721 3989 826 4079 Rex,
847 3986 992 4064 Amice

247 4125 294 4178 ac
314 4099 348 4178 F
349 4099 519 4179 oederate
537 4099 827 4207 augustiffime3

194 4226 356 4305 Humane
386 4224 678 4304 Vicecomitem
714 4219 1014 4328 Falconbrigium
1050 4249 1240 4329 generum

222 4364 361 4416 meum
382 4337 421 4415 in
446 4336 609 4417 Galliam
630 4333 954 4445 proficiscentem,
976 4354 1015 4414 et
1037 4334 1086 4412 ad
1105 4332 1241 4414 testifi-

85 4444 262 4527 candum
282 4446 515 4558 obsequium
536 4447 650 4528 suum
671 4465 710 4525 et
728 4446 1028 4540 observantiam,
1049 4472 1127 4556 qua
1146 4447 1243 4525 Ma-

149 4583 173 4663 5
656 4585 685 4637 Y
