2956 4980
94 229 218 363 Cap.
248 274 318 329 20.
399 234 587 335 Plenior
612 235 861 333 Institutio,
1166 251 1218 354 67

118 406 171 487 Ut
192 426 325 518 corpus
344 409 669 520 redimasferrarn
683 411 844 520 patieris
863 429 901 489 et
919 411 1033 517 ignes,
1055 414 1129 491 &c.

116 518 170 599 Ut
190 523 321 601 valeas
338 524 460 604 animo
479 527 674 637 quicquam
694 526 856 604 tolerare
874 522 1057 630 negabis?

112 694 154 774 Si
174 699 348 807 corporis
366 698 492 794 causa,
509 702 636 780 multo
659 701 785 807 magis
799 698 923 777 animi
942 698 1097 805 quidvis
1115 699 1214 777 tole-

55 806 185 902 rabis;
228 810 384 890 animus
414 815 523 892 enirn
550 814 722 920 dignior.
799 812 903 890 Item
930 839 1002 919 pro
1035 810 1212 890 Archia:

55 919 192 1028 Bestia
197 920 302 1032 sape
322 924 494 1004 immanes
513 944 628 1005 canta
635 925 850 1032 steclantur
862 955 876 1001 .·
907 953 970 1003 nas
992 953 1062 1002 nan
1081 941 1214 1032 paeta-

54 1060 141 1112 rran
160 1062 249 1113 voce
266 1036 506 1115 moveamur?
537 1037 600 1117 Sic
620 1036 717 1116 illud
733 1037 838 1114 Mat.
863 1037 901 1116 6.
927 1036 993 1116 26.
1047 1035 1215 1144 Pafferes

54 1162 172 1225 curat
191 1146 320 1226 Deus:
349 1149 464 1228 malta
482 1150 601 1257 magis
619 1179 705 1256 erga
718 1148 887 1227 homines.
946 1150 1003 1227 At
1020 1149 1213 1255 negand0,

55 1256 167 1337 nulla
182 1286 232 1339 ex
248 1257 309 1339 his
326 1261 602 1370 consequentia
617 1262 849 1341 deducitur:
882 1288 959 1339 non
975 1287 1070 1366 ergo
1086 1260 1215 1369 sequi-

55 1387 135 1463 tur,
141 1369 189 1475 ſs
203 1373 366 1481 corporis
388 1373 500 1481 caasa
518 1374 713 1485 quicquam
732 1402 802 1452 nan
821 1371 995 1451 tolerabis
1010 1400 1096 1478 erga
1116 1400 1214 1451 nanc

56 1481 201 1576 anirni;
233 1504 272 1564 et
291 1484 341 1564 fic
360 1487 409 1565 de
430 1489 589 1567 caeteris.
651 1483 776 1565 Recte
797 1485 933 1593 igitur,
954 1480 1073 1562 srhoc
1094 1484 1214 1562 modo

56 1595 295 1704 intelligitur
309 1598 539 1707 Aristoteles,
557 1595 578 1677 *a
597 1598 750 1677 minore
771 1598 817 1676 ad
840 1595 963 1700 majus
983 1595 1214 1676 affirmando

57 1704 188 1787 solirm
212 1711 451 1817 proceditur.
511 1709 666 1791 Veriim
691 1710 875 1846 exemgla
899 1736 977 1786 non
1000 1707 1152 1801 desunt,
1174 1709 1215 1786 in

56 1819 170 1928 quib.
193 1817 215 1899 ὲ
236 1822 389 1902 minore
417 1825 596 1931 arguitur
615 1823 736 1903 etiam
757 1822 883 1901 solum
908 1821 1111 1928 negando:
1143 1849 1215 1899 cu·

52 1931 229 2039 jusmodi
242 1934 298 2013 est
314 1935 410 2015 illud
427 1935 468 2016 su
501 1934 540 2016 ri
555 1937 735 2029 citatum,
753 1963 823 2044 pro
842 1933 1047 2023 Marcello;
1062 1933 1215 2040 funda·

56 2063 183 2125 menta
207 2045 362 2126 nandum
376 1968 514 2157 jecisi,
540 2048 640 2128 certi
664 2077 750 2154 ergo
776 2075 844 2126 nan
863 2045 1064 2155 perfecisti.
1125 2047 1168 2124 N
1171 2073 1216 2124 ec

57 2174 193 2237 tamen
206 2158 313 2238 idem
328 2161 584 2256 affirmand03
602 2158 858 2267 fundamenta
858 2157 984 2266 jecisti
992 2188 1006 2248 ,·
1027 2186 1113 2264 erga
1123 2177 1215 2265 per-

46 2268 193 2380 fecisti.
254 2274 336 2353 ch
354 2273 474 2353 modo
485 2273 706 2354 cavendum
722 2271 792 2365 est,
808 2299 857 2349 ne
877 2289 1044 2379 ponatur
1060 2271 1217 2376 negatio

57 2411 147 2490 quae
168 2382 418 2465 affirmationi
444 2384 718 2495 aequipolleat:
756 2403 813 2477 ut,
836 2383 944 2461 Deus
968 2410 1037 2461 non
1060 2382 1217 2489 negligit

53 2494 232 2604 paffi’res,
261 2497 366 2576 idem
394 2498 579 2606 estquod
606 2513 732 2578 curat.
793 2496 856 2575 sic
879 2493 988 2573 enim
1016 2493 1215 2602 utriusque

60 2607 347 2715 consequentiae
368 2611 475 2690 idem
495 2610 728 2719 exemplum
745 2630 863 2717 prout
876 2607 1063 2686 sententia
1077 2609 1215 2686 eadem

59 2720 124 2799 vel
145 2720 375 2803 affirmando
395 2723 458 2802 vel
474 2724 653 2831 negando
666 2722 849 2815 variatur,
871 2720 954 2799 dari
975 2718 1121 2828 posset:
1154 2739 1213 2812 ut,

46 2832 213 2940 fifures
225 2832 421 2940 pellendi,
441 2836 554 2915 multo
579 2833 698 2941 magis
707 2832 903 2940 sacrilegi.
943 2831 989 2911 Si
995 2830 1125 2937 scrib.
1146 2861 1216 2912 nan

54 2944 300 3054 parcendum,
328 2948 441 3028 multo
471 2948 590 3027 minas
605 2946 820 3053 strcrilegis.
880 2944 962 3023 ch
989 2943 1151 3051 pleciere
1177 2962 1217 3022 et
1297 3047 1302 3055 ι

61 3086 132 3136 nan
145 3074 306 3166 parcere
318 3059 424 3138 idem
434 3059 497 3138 'est
512 3091 522 3153 ;
554 3081 593 3138 et
611 3061 741 3137 minus
759 3058 803 3137 stt
818 3074 909 3135 nota
925 3054 1104 3159 majoris:
1137 3069 1222 3133 non·

63 3170 188 3277 igitur
215 3190 330 3264 notae,
358 3170 421 3250 sed
453 3200 584 3251 rerum
609 3172 727 3250 elatio
758 3171 821 3250 vel
844 3166 1057 3246 summiffio
1094 3166 1216 3272 majus

62 3282 127 3362 vel
147 3282 278 3362 minus
298 3284 431 3365 efficit.
492 3286 627 3393 Atque
652 3281 735 3362 haec
761 3284 809 3362 de
834 3279 1119 3388 consequentiis
1139 3281 1217 3358 mi-

65 3421 211 3473 norum
232 3395 309 3474 fine
330 3395 446 3476 notis.

116 3503 271 3587 Verirm
286 3508 432 3588 eaedem
445 3505 730 3613 consequentiae
749 3506 946 3584 ducuntur
962 3501 1010 3581 ab
1025 3505 1219 3612 explicata

64 3613 211 3713 forma,
231 3649 318 3727 quae
338 3623 458 3700 etiarn
482 3647 576 3699 cum
599 3620 700 3698 notis
725 3618 794 3711 est,
816 3636 861 3696 ut
884 3615 1001 3695 exiis
1026 3616 1218 3724 exemplis

64 3757 154 3839 quae
173 3729 287 3841 supri
306 3751 520 3842 ponuntur,
543 3732 738 3839 intelligas
759 3731 866 3809 licet.
927 3728 974 3806 In
998 3725 1071 3807 hac
1092 3728 1219 3809 forma

64 3843 263 3953 explicata
287 3845 365 3925 fine
393 3846 494 3924 notis
517 3843 573 3922 cst
598 3845 665 3923 ubi
694 3845 865 3922 occurrit
889 3842 1089 3919 minorum
1112 3869 1219 3948 quae-

63 3954 159 4035 dam
179 3957 379 4064 gradatio:
411 3978 457 4037 ut
478 3958 566 4035 Ver.
589 3982 629 4063 7.
673 3956 837 4037 Facinus
860 3954 908 4062 esi
931 3952 1079 4031 vincere
1103 3954 1219 4035 civem

64 4070 271 4150 Romanum
284 4101 298 4162 ;
304 4070 431 4176 scelus
443 4070 668 4161 verberare;
683 4070 800 4178 propi
808 4064 1056 4176 parricidium
1067 4095 1218 4148 necare:

65 4180 163 4292 quid
176 4181 294 4263 dicam
314 4183 352 4263 in
371 4212 516 4263 crucem
536 4181 696 4263 tollere?

127 4357 349 4464 Finguntur
367 4357 478 4437 etiarn
497 4356 666 4436 minora:
698 4354 841 4462 Virgil.
865 4352 953 4432 Ecl.
982 4379 1016 4429 1.

126 4471 234 4550 Ant>
252 4470 349 4551 leves
367 4499 455 4576 erga
468 4470 673 4578 pascentur
692 4468 729 4546 in
746 4467 886 4547 athere
903 4465 1021 4556 cervi,
1042 4466 1117 4543 &c

125 4581 249 4688 Qim
268 4583 384 4692 nostra
404 4582 504 4663 illias
524 4581 679 4662 labatur
692 4583 840 4689 peclore
855 4578 998 4657 vultus.
