2956 4980
266 262 323 346 74
675 221 801 314 Artis
829 220 1012 349 Logicae
1204 215 1315 314 Lib.
1347 242 1383 311 '1.

264 400 343 479 fine
357 398 474 477 notis.
526 398 647 478 Notae
662 397 749 479 sunt
760 396 826 477 hIc
839 400 960 478 etiam
974 399 1201 506 negationes
1213 399 1416 480 fimilium.

267 539 305 619 3.
320 509 463 618 Philip.
483 512 621 592 Certus
638 509 713 591 dieu
731 541 801 592 non
817 529 861 592 ut
864 510 1055 620 fizcrfficii
1054 512 1117 618 stc
1135 512 1276 620 confilii
1290 528 1419 620 expec-

262 623 348 705 tari
376 623 460 702 olet.

320 622 428 816 Nsota
450 735 668 846 plerumque
689 736 795 815 nulla
818 734 880 843 ψ,
906 763 989 816 cum
1013 733 1253 841 difflmilitudo
1272 735 1420 845 plenius

264 847 491 958 explicatur.

322 961 481 1068 Qintil.
504 962 530 1040 l.
555 986 593 1067 5.
616 989 649 1039 c.
677 987 740 1038 11.
801 960 949 1039 Brutus
975 958 1106 1040 occidit
1133 958 1264 1039 liberos
1288 957 1420 1070 prodi·

264 1073 394 1153 tionem
413 1073 609 1152 molientes.
667 1071 841 1152 Manlius
859 1071 1042 1153 virtutem
1055 1071 1142 1178 filii
1159 1090 1278 1153 morte
1303 1073 1420 1153 mulc-

264 1186 381 1266 tavit.
442 1186 638 1265 Catullus,

425 1312 429 1321 Ι
492 1348 591 1427 Soles
610 1345 770 1427 occidere
789 1362 826 1425 et
845 1344 966 1425 redire
978 1344 1152 1453 pofficnt:

491 1458 610 1540 Nobis
628 1457 836 1565 cimstmel
849 1455 980 1538 occidit
997 1455 1122 1536 brevis
1140 1455 1223 1551 lux,

492 1573 583 1652 Nox
602 1573 651 1681 est
662 1588 847 1681 perpetua
866 1599 941 1650 una
960 1567 1180 1649 dormientia.

326 1744 616 1824 Diffimilitudo
632 1743 688 1822 est
703 1743 782 1822 diei
794 1742 933 1822 etvitae
953 1743 1101 1823 nostrae.
1162 1740 1355 1821 Redditio
1369 1740 1425 1820 est

267 1856 390 1935 vitam
407 1856 526 1936 semel
546 1854 724 1935 amiffam
743 1881 822 1934 non
839 1854 1002 1935 restitui.
1063 1853 1287 1933 Illustratur
1304 1851 1328 1933 ὲ
1347 1852 1423 1933 dis-

267 1968 509 2190 ggffitquae
540 1968 752 2078 propofitio
787 1967 856 2061 est,
888 1966 985 2047 soles
1015 1966 1196 2047 occidere
1228 1984 1271 2047 et
1295 1967 1423 2047 redire

513 2468 638 2546 CAP.
663 2466 826 2545 XXIII.
859 2468 923 2545 De
945 2464 1179 2576 Conjugatis.

274 2642 644 2809 Ἦ·Ἀᾶεῃυε
675 2641 802 2750 prima
833 2660 1064 2748 argumenta
1097 2642 1184 2723 sunt
1218 2645 1423 2753 expofita:

326 2734 417 2819 im
497 2782 668 2861 quorum
700 2756 771 2833 tria
804 2781 947 2860 genera
981 2750 1121 2849 fuere3
1152 2755 1425 2853 consentanea,

297 2849 303 2868 ⁴
326 2849 417 3006 W&
439 2893 460 2975 u
495 2865 730 2945 diffentanea
749 2884 789 2944 et
807 2887 1046 2974 comparata.

247 3052 253 3061 .
287 2979 306 3011 *
325 2936 389 3015 Ἃ
428 3002 457 3017 ’“
553 2981 779 3086 Sequuntur
793 2996 878 3057 orta
893 2977 935 3058 de
947 2978 1101 3086 primis;
1120 3008 1205 3088 quae
1216 2978 1272 3061 ad
1281 2976 1326 3059 id
1336 2979 1432 3090 quod

268 3111 438 3203 arguunt
450 3090 605 3201 perinde
609 3091 707 3198 sunt
727 3110 771 3170 ut
783 3091 910 3197 prima
930 3089 1023 3169 unde
1042 3090 1245 3172 oriuntur:
1276 3108 1323 3171 ut
1341 3122 1427 3173 con-

258 3208 404 3315 jugata
423 3224 459 3284 et
479 3204 632 3295 notatio,
652 3202 857 3311 dssributio
877 3220 913 3282 et
932 3201 1103 3311 difinitio.

328 3320 376 3397 In
403 3316 439 3394 se
469 3318 600 3423 itaque
626 3312 773 3394 habent
795 3317 879 3394 vim
905 3316 1094 3422 arguendi
1122 3332 1167 3393 ut
1193 3334 1429 3423 argumenta

271 3427 499 3520 artificialia,
514 3449 552 3506 et
566 3429 732 3506 eandem
747 3427 909 3535 quidem
926 3454 1021 3506 cum
1036 3428 1083 3508 iis
1099 3426 1203 3505 unde
1219 3429 1425 3509 oriuntur:

272 3571 350 3621 non
370 3559 505 3619 autem
524 3536 545 3617 ὲ
565 3538 615 3633 se,
629 3542 722 3646 quia
743 3568 820 3618 non
838 3540 980 3649 prima,
995 3560 1039 3618 ut
1056 3541 1095 3618 in
1112 3538 1240 3646 capite
1258 3538 1429 3620 secundo

265 3654 348 3760 jam
369 3654 521 3732 distum
542 3652 609 3729 est.
670 3651 960 3732 Definitionem
986 3671 1120 3731 autem
1137 3652 1207 3731 vix
1225 3651 1349 3732 aliam
1369 3680 1428 3732 re-

272 3769 434 3875 quirunt
454 3782 591 3873 praeter
613 3761 741 3872 ipsum
771 3792 916 3842 nomen
945 3764 1052 3870 quod
1079 3782 1259 3843 naturam
1286 3792 1428 3844 eorum

273 3880 359 3958 satis
379 3905 449 3986 per
469 3876 505 3954 se
525 3876 721 3984 explicat:
754 3880 857 3956 unde
882 3876 980 3954 illud
1004 3875 1302 3970 consestarium
1326 3880 1430 3956 Orta

271 4007 493 4097 argumenta
498 3986 652 4096 perinde
663 3988 727 4097 ‘ff’
739 3988 792 4068 ad
800 3988 841 4068 id
848 3987 944 4099 quod
952 4006 1136 4096 arguunt,
1151 4005 1195 4066 ut
1196 3985 1296 4094 sunt
1299 3988 1429 4098 pruna

272 4101 366 4184 unde
384 4101 572 4180 oriuntur.

332 4220 514 4326 Qatuor
535 4208 593 4290 hae
615 4210 758 4321 species
782 4232 976 4306 ortorum,
993 4214 1034 4290 in
1054 4211 1133 4291 duo
1154 4238 1313 4319 genera,
1334 4240 1431 4293 ano-

274 4356 392 4436 nyma
412 4325 518 4415 licet,
539 4324 847 4431 distinguuntur,
867 4321 962 4404 cum
987 4343 1148 4433 propter
1174 4321 1432 4405 dichotomIae

274 4442 462 4531 studium,
487 4456 572 4516 tum
593 4437 685 4543 quia
713 4438 918 4545 conjugata
946 4458 986 4515 et
1014 4438 1162 4517 notatio
1190 4435 1260 4517 sub
1287 4438 1432 4519 eodem
