<?xml version="1.0" encoding="UTF-8"?>
<!DOCTYPE html PUBLIC "-//W3C//DTD XHTML 1.0 Transitional//EN"
    "http://www.w3.org/TR/xhtml1/DTD/xhtml1-transitional.dtd">
<html xmlns="http://www.w3.org/1999/xhtml" xml:lang="en" lang="en">
 <head>
  <title>
</title>
<meta http-equiv="Content-Type" content="text/html;charset=utf-8" />
  <meta name='ocr-system' content='tesseract 3.04.00' />
  <meta name='ocr-capabilities' content='ocr_page ocr_carea ocr_par ocr_line ocrx_word'/>
</head>
<body>
  <div class='ocr_page' id='page_1' title='image "./worksjohnmilton06miltgoog_0226.png"; bbox 0 0 2956 4980; ppageno 0'>
   <div class='ocr_carea' id='block_1_1' title="bbox 414 202 1316 334">
    <p class='ocr_par' dir='ltr' id='par_1_1' title="bbox 414 202 1316 334">
     <span class='ocr_line' id='line_1_1' title="bbox 414 202 1316 334; baseline 0.002 -34"><span class='ocrx_word' id='word_1_1' title='bbox 414 202 580 301; x_wconf 83' lang='lat' dir='ltr'><strong>Literae</strong></span> <span class='ocrx_word' id='word_1_2' title='bbox 604 208 798 301; x_wconf 87' lang='lat' dir='ltr'><strong>Senatus</strong></span> <span class='ocrx_word' id='word_1_3' title='bbox 824 202 1091 334; x_wconf 86' lang='lat' dir='ltr'><strong>Anglicani.</strong></span> <span class='ocrx_word' id='word_1_4' title='bbox 1244 249 1316 302; x_wconf 89' lang='lat'><strong>211</strong></span> 
     </span>
    </p>
   </div>
   <div class='ocr_carea' id='block_1_2' title="bbox 142 373 1322 2732">
    <p class='ocr_par' dir='ltr' id='par_1_2' title="bbox 142 373 1322 2732">
     <span class='ocr_line' id='line_1_2' title="bbox 171 373 1322 488; baseline 0.007 -33"><span class='ocrx_word' id='word_1_5' title='bbox 171 373 266 457; x_wconf 88' lang='lat' dir='ltr'><strong>latas</strong></span> <span class='ocrx_word' id='word_1_6' title='bbox 281 379 437 487; x_wconf 85' lang='lat' dir='ltr'><strong>accepit</strong></span> <span class='ocrx_word' id='word_1_7' title='bbox 448 398 564 487; x_wconf 91' lang='lat' dir='ltr'><strong>atque</strong></span> <span class='ocrx_word' id='word_1_8' title='bbox 581 380 762 488; x_wconf 85' lang='lat' dir='ltr'>perlegit,</span> <span class='ocrx_word' id='word_1_9' title='bbox 776 408 947 488; x_wconf 90' lang='lat' dir='ltr'><strong>eumque</strong></span> <span class='ocrx_word' id='word_1_10' title='bbox 964 409 1015 460; x_wconf 85' lang='lat' dir='ltr'><strong>ex</strong></span> <span class='ocrx_word' id='word_1_11' title='bbox 1029 410 1165 461; x_wconf 92' lang='lat' dir='ltr'><strong>earum</strong></span> <span class='ocrx_word' id='word_1_12' title='bbox 1179 382 1322 465; x_wconf 91' lang='lat' dir='ltr'><strong>autho-</strong></span> 
     </span>
     <span class='ocr_line' id='line_1_3' title="bbox 172 490 1320 602; baseline 0.007 -35"><span class='ocrx_word' id='word_1_13' title='bbox 172 490 287 570; x_wconf 83' lang='lat' dir='ltr'>ritate</span> <span class='ocrx_word' id='word_1_14' title='bbox 305 491 471 585; x_wconf 89' lang='lat' dir='ltr'><strong>audivit,</strong></span> <span class='ocrx_word' id='word_1_15' title='bbox 491 492 562 599; x_wconf 93' lang='lat' dir='ltr'><strong>qui</strong></span> <span class='ocrx_word' id='word_1_16' title='bbox 581 512 621 571; x_wconf 92' lang='lat' dir='ltr'><strong>et</strong></span> <span class='ocrx_word' id='word_1_17' title='bbox 634 492 849 572; x_wconf 89' lang='lat' dir='ltr'><strong>vestrarum</strong></span> <span class='ocrx_word' id='word_1_18' title='bbox 870 494 1092 588; x_wconf 82' lang='lat' dir='ltr'><strong>Civitatum</strong></span> <span class='ocrx_word' id='word_1_19' title='bbox 1111 522 1204 602; x_wconf 88' lang='lat' dir='ltr'><strong>erga</strong></span> <span class='ocrx_word' id='word_1_20' title='bbox 1218 494 1320 576; x_wconf 84' lang='lat' dir='ltr'><strong>hanc</strong></span> 
     </span>
     <span class='ocr_line' id='line_1_4' title="bbox 170 600 1319 716; baseline 0.007 -36"><span class='ocrx_word' id='word_1_21' title='bbox 170 600 378 711; x_wconf 86' lang='lat' dir='ltr'><strong>Rempub.</strong></span> <span class='ocrx_word' id='word_1_22' title='bbox 402 603 642 714; x_wconf 87' lang='lat' dir='ltr'><strong>propensum</strong></span> <span class='ocrx_word' id='word_1_23' title='bbox 669 622 708 683; x_wconf 89' lang='lat' dir='ltr'><strong>et</strong></span> <span class='ocrx_word' id='word_1_24' title='bbox 732 606 907 684; x_wconf 93' lang='lat' dir='ltr'><strong>amicum</strong></span> <span class='ocrx_word' id='word_1_25' title='bbox 927 605 1105 685; x_wconf 91' lang='lat' dir='ltr'><strong>animum</strong></span> <span class='ocrx_word' id='word_1_26' title='bbox 1125 606 1319 716; x_wconf 84' lang='lat' dir='ltr'>exposuit,</span> 
     </span>
     <span class='ocr_line' id='line_1_5' title="bbox 168 715 1318 827; baseline 0.009 -35"><span class='ocrx_word' id='word_1_27' title='bbox 168 732 208 793; x_wconf 88' lang='lat' dir='ltr'><strong>et</strong></span> <span class='ocrx_word' id='word_1_28' title='bbox 228 717 394 824; x_wconf 89' lang='lat' dir='ltr'><strong>antiqua</strong></span> <span class='ocrx_word' id='word_1_29' title='bbox 413 715 481 795; x_wconf 91' lang='lat' dir='ltr'><strong>illa</strong></span> <span class='ocrx_word' id='word_1_30' title='bbox 500 717 601 795; x_wconf 91' lang='lat' dir='ltr'><strong>inter</strong></span> <span class='ocrx_word' id='word_1_31' title='bbox 619 716 772 797; x_wconf 90' lang='lat' dir='ltr'><strong>easdem</strong></span> <span class='ocrx_word' id='word_1_32' title='bbox 787 718 959 796; x_wconf 90' lang='lat' dir='ltr'><strong>amicitia</strong></span> <span class='ocrx_word' id='word_1_33' title='bbox 972 736 1017 796; x_wconf 94' lang='lat' dir='ltr'><strong>ut</strong></span> <span class='ocrx_word' id='word_1_34' title='bbox 1033 715 1150 827; x_wconf 86' lang='lat' dir='ltr'><strong>porrb</strong></span> <span class='ocrx_word' id='word_1_35' title='bbox 1162 741 1318 802; x_wconf 91' lang='lat' dir='ltr'><strong>maneat</strong></span> 
     </span>
     <span class='ocr_line' id='line_1_6' title="bbox 166 826 1317 940; baseline 0.008 -36"><span class='ocrx_word' id='word_1_36' title='bbox 166 826 326 934; x_wconf 86' lang='lat' dir='ltr'><strong>petivit.</strong></span> <span class='ocrx_word' id='word_1_37' title='bbox 392 829 675 909; x_wconf 84' lang='lat' dir='ltr'><strong>Parsamentum</strong></span> <span class='ocrx_word' id='word_1_38' title='bbox 701 831 830 936; x_wconf 91' lang='lat' dir='ltr'><strong>itaque</strong></span> <span class='ocrx_word' id='word_1_39' title='bbox 855 858 926 938; x_wconf 89' lang='lat' dir='ltr'><strong>pro</strong></span> <span class='ocrx_word' id='word_1_40' title='bbox 954 829 991 907; x_wconf 89' lang='lat' dir='ltr'><strong>se</strong></span> <span class='ocrx_word' id='word_1_41' title='bbox 1017 830 1174 910; x_wconf 89' lang='lat' dir='ltr'><strong>testatur</strong></span> <span class='ocrx_word' id='word_1_42' title='bbox 1200 849 1317 940; x_wconf 91' lang='lat' dir='ltr'><strong>atque</strong></span> 
     </span>
     <span class='ocr_line' id='line_1_7' title="bbox 164 938 1317 1050; baseline 0.003 -31"><span class='ocrx_word' id='word_1_43' title='bbox 164 938 379 1020; x_wconf 84' lang='lat' dir='ltr'><strong>confirmat</strong></span> <span class='ocrx_word' id='word_1_44' title='bbox 398 960 627 1049; x_wconf 87' lang='lat' dir='ltr'><strong>pergratum</strong></span> <span class='ocrx_word' id='word_1_45' title='bbox 648 942 717 1020; x_wconf 88' lang='lat' dir='ltr'><strong>fibi</strong></span> <span class='ocrx_word' id='word_1_46' title='bbox 744 941 832 1035; x_wconf 84' lang='lat' dir='ltr'><strong>esse,</strong></span> <span class='ocrx_word' id='word_1_47' title='bbox 856 941 1060 1050; x_wconf 88' lang='lat' dir='ltr'>pristinam</span> <span class='ocrx_word' id='word_1_48' title='bbox 1085 942 1194 1021; x_wconf 92' lang='lat' dir='ltr'><strong>illam</strong></span> <span class='ocrx_word' id='word_1_49' title='bbox 1215 946 1317 1023; x_wconf 90' lang='lat' dir='ltr'><strong>ami·</strong></span> 
     </span>
     <span class='ocr_line' id='line_1_8' title="bbox 163 1050 1315 1161; baseline 0.004 -30"><span class='ocrx_word' id='word_1_50' title='bbox 163 1050 307 1132; x_wconf 89' lang='lat' dir='ltr'><strong>citiam</strong></span> <span class='ocrx_word' id='word_1_51' title='bbox 333 1080 381 1133; x_wconf 92' lang='lat' dir='ltr'><strong>ac</strong></span> <span class='ocrx_word' id='word_1_52' title='bbox 404 1052 725 1133; x_wconf 87' lang='lat' dir='ltr'><strong>neceffitudinem</strong></span> <span class='ocrx_word' id='word_1_53' title='bbox 744 1082 830 1161; x_wconf 90' lang='lat' dir='ltr'><strong>quae</strong></span> <span class='ocrx_word' id='word_1_54' title='bbox 853 1052 947 1134; x_wconf 92' lang='lat' dir='ltr'><strong>huic</strong></span> <span class='ocrx_word' id='word_1_55' title='bbox 973 1055 1096 1135; x_wconf 92' lang='lat' dir='ltr'><strong>Genti</strong></span> <span class='ocrx_word' id='word_1_56' title='bbox 1119 1083 1214 1134; x_wconf 91' lang='lat' dir='ltr'><strong>cum</strong></span> <span class='ocrx_word' id='word_1_57' title='bbox 1238 1057 1315 1137; x_wconf 91' lang='lat' dir='ltr'><strong>illis</strong></span> 
     </span>
     <span class='ocr_line' id='line_1_9' title="bbox 165 1163 1316 1277; baseline 0.004 -35"><span class='ocrx_word' id='word_1_58' title='bbox 165 1163 410 1245; x_wconf 81' lang='lat' dir='ltr'><strong>Civitatibus</strong></span> <span class='ocrx_word' id='word_1_59' title='bbox 432 1165 640 1245; x_wconf 74' lang='lat' dir='ltr'><strong>intercessit</strong></span> <span class='ocrx_word' id='word_1_60' title='bbox 668 1184 708 1245; x_wconf 93' lang='lat' dir='ltr'><strong>et</strong></span> <span class='ocrx_word' id='word_1_61' title='bbox 731 1167 908 1245; x_wconf 89' lang='lat' dir='ltr'><strong>renovari</strong></span> <span class='ocrx_word' id='word_1_62' title='bbox 932 1187 1134 1275; x_wconf 89' lang='lat' dir='ltr'><strong>ratamque</strong></span> <span class='ocrx_word' id='word_1_63' title='bbox 1159 1196 1316 1277; x_wconf 90' lang='lat' dir='ltr'><strong>perma-</strong></span> 
     </span>
     <span class='ocr_line' id='line_1_10' title="bbox 163 1275 1315 1386; baseline 0.003 -31"><span class='ocrx_word' id='word_1_64' title='bbox 163 1302 278 1370; x_wconf 87' lang='lat' dir='ltr'><strong>nere,</strong></span> <span class='ocrx_word' id='word_1_65' title='bbox 301 1277 418 1385; x_wconf 88' lang='lat' dir='ltr'><strong>seque</strong></span> <span class='ocrx_word' id='word_1_66' title='bbox 441 1275 525 1357; x_wconf 90' lang='lat' dir='ltr'><strong>sore</strong></span> <span class='ocrx_word' id='word_1_67' title='bbox 550 1298 729 1385; x_wconf 88' lang='lat' dir='ltr'><strong>paratum</strong></span> <span class='ocrx_word' id='word_1_68' title='bbox 754 1277 891 1386; x_wconf 70' lang='lat' dir='ltr'><strong>quivis</strong></span> <span class='ocrx_word' id='word_1_69' title='bbox 916 1279 1113 1357; x_wconf 90' lang='lat' dir='ltr'><strong>occafione</strong></span> <span class='ocrx_word' id='word_1_70' title='bbox 1133 1308 1315 1359; x_wconf 90' lang='lat' dir='ltr'><strong>commo-</strong></span> 
     </span>
     <span class='ocr_line' id='line_1_11' title="bbox 161 1384 1315 1499; baseline 0.003 -32"><span class='ocrx_word' id='word_1_71' title='bbox 161 1384 268 1469; x_wconf 77' lang='lat' dir='ltr'><strong>dom</strong></span> <span class='ocrx_word' id='word_1_72' title='bbox 287 1388 419 1470; x_wconf 72' lang='lat' dir='ltr'><strong>oblata</strong></span> <span class='ocrx_word' id='word_1_73' title='bbox 437 1389 545 1497; x_wconf 93' lang='lat' dir='ltr'><strong>quod</strong></span> <span class='ocrx_word' id='word_1_74' title='bbox 562 1389 689 1469; x_wconf 86' lang='lat' dir='ltr'><strong>verbis</strong></span> <span class='ocrx_word' id='word_1_75' title='bbox 709 1390 750 1469; x_wconf 89' lang='lat' dir='ltr'><strong>in</strong></span> <span class='ocrx_word' id='word_1_76' title='bbox 771 1390 806 1469; x_wconf 92' lang='lat' dir='ltr'><strong>se</strong></span> <span class='ocrx_word' id='word_1_77' title='bbox 828 1390 967 1499; x_wconf 88' lang='lat' dir='ltr'><strong>recipit</strong></span> <span class='ocrx_word' id='word_1_78' title='bbox 994 1391 1034 1469; x_wconf 90' lang='lat' dir='ltr'><strong>id</strong></span> <span class='ocrx_word' id='word_1_79' title='bbox 1054 1391 1177 1499; x_wconf 68' lang='lat' dir='ltr'><strong>reipsi</strong></span> <span class='ocrx_word' id='word_1_80' title='bbox 1196 1390 1315 1472; x_wconf 76' lang='lat' dir='ltr'><strong>solide</strong></span> 
     </span>
     <span class='ocr_line' id='line_1_12' title="bbox 161 1500 1315 1610; baseline 0.001 -29"><span class='ocrx_word' id='word_1_81' title='bbox 161 1500 359 1610; x_wconf 84' lang='lat' dir='ltr'><strong>praestare,</strong></span> <span class='ocrx_word' id='word_1_82' title='bbox 390 1501 609 1609; x_wconf 70' lang='lat' dir='ltr'><strong>eademque</strong></span> <span class='ocrx_word' id='word_1_83' title='bbox 641 1501 717 1580; x_wconf 89' lang='lat' dir='ltr'><strong>fide</strong></span> <span class='ocrx_word' id='word_1_84' title='bbox 747 1522 786 1582; x_wconf 89' lang='lat' dir='ltr'><strong>et</strong></span> <span class='ocrx_word' id='word_1_85' title='bbox 817 1502 1040 1608; x_wconf 89' lang='lat' dir='ltr'><strong>integritate</strong></span> <span class='ocrx_word' id='word_1_86' title='bbox 1072 1504 1225 1608; x_wconf 90' lang='lat' dir='ltr'><strong>antiqui</strong></span> <span class='ocrx_word' id='word_1_87' title='bbox 1256 1505 1315 1583; x_wconf 94' lang='lat' dir='ltr'><strong>illi</strong></span> 
     </span>
     <span class='ocr_line' id='line_1_13' title="bbox 161 1612 1314 1723; baseline 0.002 -30"><span class='ocrx_word' id='word_1_88' title='bbox 161 1612 347 1694; x_wconf 88' lang='lat' dir='ltr'><strong>amiciet</strong></span> <span class='ocrx_word' id='word_1_89' title='bbox 366 1613 544 1695; x_wconf 85' lang='lat' dir='ltr'><strong>soederati</strong></span> <span class='ocrx_word' id='word_1_90' title='bbox 569 1613 625 1693; x_wconf 90' lang='lat' dir='ltr'><strong>sui</strong></span> <span class='ocrx_word' id='word_1_91' title='bbox 649 1633 693 1692; x_wconf 93' lang='lat' dir='ltr'><strong>ut</strong></span> <span class='ocrx_word' id='word_1_92' title='bbox 709 1612 841 1693; x_wconf 90' lang='lat' dir='ltr'><strong>secum</strong></span> <span class='ocrx_word' id='word_1_93' title='bbox 860 1632 977 1721; x_wconf 87' lang='lat' dir='ltr'><strong>agant</strong></span> <span class='ocrx_word' id='word_1_94' title='bbox 990 1618 1196 1722; x_wconf 63' lang='lat' dir='ltr'><strong>expectat:</strong></span> <span class='ocrx_word' id='word_1_95' title='bbox 1228 1643 1314 1723; x_wconf 87' lang='lat' dir='ltr'><strong>quae</strong></span> 
     </span>
     <span class='ocr_line' id='line_1_14' title="bbox 160 1722 1313 1834; baseline 0.002 -30"><span class='ocrx_word' id='word_1_96' title='bbox 160 1744 301 1805; x_wconf 84' lang='lat' dir='ltr'><strong>autem</strong></span> <span class='ocrx_word' id='word_1_97' title='bbox 321 1723 503 1834; x_wconf 80' lang='lat' dir='ltr'><strong>praeterei</strong></span> <span class='ocrx_word' id='word_1_98' title='bbox 520 1722 705 1806; x_wconf 75' lang='lat' dir='ltr'><strong>Refiden&#39;s</strong></span> <span class='ocrx_word' id='word_1_99' title='bbox 725 1725 848 1806; x_wconf 89' lang='lat' dir='ltr'><strong>vester</strong></span> <span class='ocrx_word' id='word_1_100' title='bbox 867 1724 1069 1834; x_wconf 85' lang='lat' dir='ltr'><strong>speciatim</strong></span> <span class='ocrx_word' id='word_1_101' title='bbox 1090 1728 1129 1806; x_wconf 93' lang='lat' dir='ltr'><strong>in</strong></span> <span class='ocrx_word' id='word_1_102' title='bbox 1149 1728 1313 1806; x_wconf 91' lang='lat' dir='ltr'><strong>manda-</strong></span> 
     </span>
     <span class='ocr_line' id='line_1_15' title="bbox 161 1834 1314 1946; baseline 0.003 -29"><span class='ocrx_word' id='word_1_103' title='bbox 161 1837 214 1917; x_wconf 87' lang='lat' dir='ltr'><strong>tis</strong></span> <span class='ocrx_word' id='word_1_104' title='bbox 227 1834 383 1932; x_wconf 91' lang='lat' dir='ltr'><strong>habuit,</strong></span> <span class='ocrx_word' id='word_1_105' title='bbox 397 1866 491 1919; x_wconf 89' lang='lat' dir='ltr'><strong>cum</strong></span> <span class='ocrx_word' id='word_1_106' title='bbox 505 1867 549 1918; x_wconf 90' lang='lat' dir='ltr'><strong>ea</strong></span> <span class='ocrx_word' id='word_1_107' title='bbox 562 1839 610 1918; x_wconf 93' lang='lat' dir='ltr'><strong>ad</strong></span> <span class='ocrx_word' id='word_1_108' title='bbox 628 1839 830 1920; x_wconf 86' lang='lat' dir='ltr'><strong>Concilium</strong></span> <span class='ocrx_word' id='word_1_109' title='bbox 852 1838 986 1919; x_wconf 85' lang='lat' dir='ltr'><strong>Status</strong></span> <span class='ocrx_word' id='word_1_110' title='bbox 1001 1840 1152 1946; x_wconf 90' lang='lat' dir='ltr'><strong>integra</strong></span> <span class='ocrx_word' id='word_1_111' title='bbox 1168 1837 1314 1921; x_wconf 76' lang='lat' dir='ltr'><strong>anobis</strong></span> 
     </span>
     <span class='ocr_line' id='line_1_16' title="bbox 142 1947 1313 2060; baseline 0.001 -30"><span class='ocrx_word' id='word_1_112' title='bbox 142 1949 320 2030; x_wconf 79' lang='lat' dir='ltr'><strong>&#39;remissa</strong></span> <span class='ocrx_word' id='word_1_113' title='bbox 340 1947 501 2043; x_wconf 89' lang='lat' dir='ltr'><strong>fuerint,</strong></span> <span class='ocrx_word' id='word_1_114' title='bbox 522 1978 686 2058; x_wconf 85' lang='lat' dir='ltr'><strong>quaeque</strong></span> <span class='ocrx_word' id='word_1_115' title='bbox 708 1950 962 2060; x_wconf 80' lang='lat' dir='ltr'><strong>proposuisset</strong></span> <span class='ocrx_word' id='word_1_116' title='bbox 983 1951 1133 2031; x_wconf 91' lang='lat' dir='ltr'><strong>ibidem</strong></span> <span class='ocrx_word' id='word_1_117' title='bbox 1158 1952 1313 2031; x_wconf 93' lang='lat' dir='ltr'><strong>consul-</strong></span> 
     </span>
     <span class='ocr_line' id='line_1_17' title="bbox 162 2059 1311 2172; baseline 0.001 -30"><span class='ocrx_word' id='word_1_118' title='bbox 162 2080 259 2156; x_wconf 84' lang='lat' dir='ltr'><strong>tata,</strong></span> <span class='ocrx_word' id='word_1_119' title='bbox 273 2059 500 2172; x_wconf 88' lang='lat' dir='ltr'><strong>responsum</strong></span> <span class='ocrx_word' id='word_1_120' title='bbox 512 2062 594 2141; x_wconf 90' lang='lat' dir='ltr'><strong>illic</strong></span> <span class='ocrx_word' id='word_1_121' title='bbox 609 2080 726 2170; x_wconf 85' lang='lat' dir='ltr'><strong>atque</strong></span> <span class='ocrx_word' id='word_1_122' title='bbox 739 2062 973 2143; x_wconf 67' lang='lat' dir='ltr'><strong>transastum</strong></span> <span class='ocrx_word' id='word_1_123' title='bbox 988 2091 1082 2144; x_wconf 92' lang='lat' dir='ltr'><strong>cum</strong></span> <span class='ocrx_word' id='word_1_124' title='bbox 1095 2092 1143 2143; x_wconf 89' lang='lat' dir='ltr'><strong>eo</strong></span> <span class='ocrx_word' id='word_1_125' title='bbox 1156 2065 1209 2142; x_wconf 87' lang='lat' dir='ltr'><strong>ita</strong></span> <span class='ocrx_word' id='word_1_126' title='bbox 1221 2063 1311 2159; x_wconf 89' lang='lat' dir='ltr'><strong>suit,</strong></span> 
     </span>
     <span class='ocr_line' id='line_1_18' title="bbox 160 2172 1313 2284; baseline 0.003 -31"><span class='ocrx_word' id='word_1_127' title='bbox 160 2193 285 2284; x_wconf 90' lang='lat' dir='ltr'><strong>prout</strong></span> <span class='ocrx_word' id='word_1_128' title='bbox 313 2176 491 2283; x_wconf 89' lang='lat' dir='ltr'><strong>quidque</strong></span> <span class='ocrx_word' id='word_1_129' title='bbox 517 2172 692 2254; x_wconf 63' lang='lat' dir='ltr'><strong>maximis</strong></span> <span class='ocrx_word' id='word_1_130' title='bbox 721 2201 814 2255; x_wconf 90' lang='lat' dir='ltr'><strong>cum</strong></span> <span class='ocrx_word' id='word_1_131' title='bbox 845 2175 1064 2282; x_wconf 82' lang='lat' dir='ltr'><strong>aequalitate</strong></span> <span class='ocrx_word' id='word_1_132' title='bbox 1095 2196 1135 2255; x_wconf 91' lang='lat' dir='ltr'><strong>et</strong></span> <span class='ocrx_word' id='word_1_133' title='bbox 1164 2175 1313 2256; x_wconf 91' lang='lat' dir='ltr'><strong>ratione</strong></span> 
     </span>
     <span class='ocr_line' id='line_1_19' title="bbox 160 2284 1312 2395; baseline 0.001 -30"><span class='ocrx_word' id='word_1_134' title='bbox 160 2284 381 2366; x_wconf 89' lang='lat' dir='ltr'><strong>consentire</strong></span> <span class='ocrx_word' id='word_1_135' title='bbox 394 2287 521 2366; x_wconf 90' lang='lat' dir='ltr'><strong>visum</strong></span> <span class='ocrx_word' id='word_1_136' title='bbox 537 2287 607 2380; x_wconf 89' lang='lat' dir='ltr'><strong>est,</strong></span> <span class='ocrx_word' id='word_1_137' title='bbox 620 2287 728 2395; x_wconf 92' lang='lat' dir='ltr'><strong>quod</strong></span> <span class='ocrx_word' id='word_1_138' title='bbox 748 2306 788 2367; x_wconf 89' lang='lat' dir='ltr'><strong>et</strong></span> <span class='ocrx_word' id='word_1_139' title='bbox 808 2287 995 2366; x_wconf 89' lang='lat' dir='ltr'><strong>Refidens</strong></span> <span class='ocrx_word' id='word_1_140' title='bbox 1008 2287 1146 2367; x_wconf 88' lang='lat' dir='ltr'>Vester</span> <span class='ocrx_word' id='word_1_141' title='bbox 1166 2314 1312 2366; x_wconf 91' lang='lat' dir='ltr'><strong>renun-</strong></span> 
     </span>
     <span class='ocr_line' id='line_1_20' title="bbox 161 2397 1312 2509; baseline 0 -31"><span class='ocrx_word' id='word_1_142' title='bbox 161 2400 268 2478; x_wconf 87' lang='lat' dir='ltr'><strong>ciare</strong></span> <span class='ocrx_word' id='word_1_143' title='bbox 283 2399 332 2478; x_wconf 92' lang='lat' dir='ltr'><strong>ad</strong></span> <span class='ocrx_word' id='word_1_144' title='bbox 349 2427 415 2479; x_wconf 94' lang='lat' dir='ltr'><strong>vos</strong></span> <span class='ocrx_word' id='word_1_145' title='bbox 431 2400 600 2509; x_wconf 90' lang='lat' dir='ltr'><strong>poterit:</strong></span> <span class='ocrx_word' id='word_1_146' title='bbox 631 2398 742 2503; x_wconf 89' lang='lat' dir='ltr'><strong>cujus</strong></span> <span class='ocrx_word' id='word_1_147' title='bbox 759 2398 965 2506; x_wconf 91' lang='lat' dir='ltr'><strong>prudentia</strong></span> <span class='ocrx_word' id='word_1_148' title='bbox 980 2417 1019 2479; x_wconf 93' lang='lat' dir='ltr'><strong>et</strong></span> <span class='ocrx_word' id='word_1_149' title='bbox 1036 2397 1202 2508; x_wconf 68' lang='lat' dir='ltr'><strong>spectata</strong></span> <span class='ocrx_word' id='word_1_150' title='bbox 1218 2426 1312 2507; x_wconf 91' lang='lat' dir='ltr'><strong>pro-</strong></span> 
     </span>
     <span class='ocr_line' id='line_1_21' title="bbox 162 2507 1312 2621; baseline 0.002 -32"><span class='ocrx_word' id='word_1_151' title='bbox 162 2509 263 2591; x_wconf 92' lang='lat' dir='ltr'><strong>bitas</strong></span> <span class='ocrx_word' id='word_1_152' title='bbox 291 2512 432 2590; x_wconf 91' lang='lat' dir='ltr'><strong>collata</strong></span> <span class='ocrx_word' id='word_1_153' title='bbox 460 2513 500 2590; x_wconf 93' lang='lat' dir='ltr'><strong>in</strong></span> <span class='ocrx_word' id='word_1_154' title='bbox 526 2539 619 2591; x_wconf 92' lang='lat' dir='ltr'><strong>eum</strong></span> <span class='ocrx_word' id='word_1_155' title='bbox 645 2507 667 2588; x_wconf 73' lang='lat' dir='ltr'><strong>a</strong></span> <span class='ocrx_word' id='word_1_156' title='bbox 694 2512 804 2591; x_wconf 91' lang='lat' dir='ltr'><strong>vobis</strong></span> <span class='ocrx_word' id='word_1_157' title='bbox 835 2510 986 2621; x_wconf 92' lang='lat' dir='ltr'><strong>publici</strong></span> <span class='ocrx_word' id='word_1_158' title='bbox 1012 2511 1187 2590; x_wconf 88' lang='lat' dir='ltr'><strong>muneris</strong></span> <span class='ocrx_word' id='word_1_159' title='bbox 1219 2512 1312 2591; x_wconf 74' lang='lat' dir='ltr'><strong>noti</strong></span> 
     </span>
     <span class='ocr_line' id='line_1_22' title="bbox 161 2623 546 2732; baseline -0.003 -30"><span class='ocrx_word' id='word_1_160' title='bbox 161 2623 332 2732; x_wconf 91' lang='lat' dir='ltr'><strong>dignum</strong></span> <span class='ocrx_word' id='word_1_161' title='bbox 353 2623 546 2730; x_wconf 77' lang='lat' dir='ltr'><strong>praedicat.</strong></span> 
     </span>
    </p>
   </div>
   <div class='ocr_carea' id='block_1_3' title="bbox 248 2668 1254 2843">
    <p class='ocr_par' dir='ltr' id='par_1_3' title="bbox 248 2668 1254 2843">
     <span class='ocr_line' id='line_1_23' title="bbox 248 2668 1254 2843; baseline -0.004 -27"><span class='ocrx_word' id='word_1_162' title='bbox 248 2737 372 2816; x_wconf 85' lang='lat' dir='ltr'><strong>Datis</strong></span> <span class='ocrx_word' id='word_1_163' title='bbox 393 2735 637 2843; x_wconf 83' lang='lat' dir='ltr'><strong>Westmonast.</strong></span> <span class='ocrx_word' id='word_1_164' title='bbox 660 2732 716 2813; x_wconf 79' lang='lat' dir='ltr'><strong>die</strong></span> <span class='ocrx_word' id='word_1_165' title='bbox 735 2735 867 2843; x_wconf 83' lang='lat' dir='ltr'><strong>April.</strong></span> <span class='ocrx_word' id='word_1_166' title='bbox 890 2736 971 2812; x_wconf 88' lang='lat' dir='ltr'><strong>An.</strong></span> <span class='ocrx_word' id='word_1_167' title='bbox 994 2668 1106 2815; x_wconf 78' lang='lat' dir='ltr'><strong>Dum.</strong></span> <span class='ocrx_word' id='word_1_168' title='bbox 1134 2734 1182 2813; x_wconf 91' lang='lat'><strong>16</strong></span> <span class='ocrx_word' id='word_1_169' title='bbox 1188 2760 1254 2840; x_wconf 83' lang='lat'><strong>52·</strong></span> 
     </span>
    </p>
   </div>
   <div class='ocr_carea' id='block_1_4' title="bbox 392 2856 1310 3061">
    <p class='ocr_par' dir='ltr' id='par_1_4' title="bbox 392 2856 1310 3061">
     <span class='ocr_line' id='line_1_24' title="bbox 392 2856 1310 2967; baseline -0.003 -28"><span class='ocrx_word' id='word_1_170' title='bbox 392 2860 472 2939; x_wconf 88' lang='lat' dir='ltr'><strong>Sub</strong></span> <span class='ocrx_word' id='word_1_171' title='bbox 487 2858 626 2967; x_wconf 87' lang='lat' dir='ltr'><strong>Sigillo</strong></span> <span class='ocrx_word' id='word_1_172' title='bbox 643 2858 880 2937; x_wconf 88' lang='lat' dir='ltr'><strong>Parlamenti</strong></span> <span class='ocrx_word' id='word_1_173' title='bbox 902 2856 1132 2965; x_wconf 75' lang='lat' dir='ltr'><strong>subscripsit,</strong></span> <span class='ocrx_word' id='word_1_174' title='bbox 1154 2857 1310 2965; x_wconf 88' lang='lat' dir='ltr'><strong>ejusque</strong></span> 
     </span>
     <span class='ocr_line' id='line_1_25' title="bbox 595 2967 1084 3061; baseline 0 -13"><span class='ocrx_word' id='word_1_175' title='bbox 595 2972 754 3049; x_wconf 87' lang='lat' dir='ltr'><strong>nomine</strong></span> <span class='ocrx_word' id='word_1_176' title='bbox 775 2991 815 3049; x_wconf 88' lang='lat' dir='ltr'><strong>et</strong></span> <span class='ocrx_word' id='word_1_177' title='bbox 833 2967 1084 3061; x_wconf 85' lang='lat' dir='ltr'><strong>authoritate,</strong></span> 
     </span>
    </p>
   </div>
   <div class='ocr_carea' id='block_1_5' title="bbox 466 3079 1308 3189">
    <p class='ocr_par' dir='ltr' id='par_1_5' title="bbox 466 3079 1308 3189">
     <span class='ocr_line' id='line_1_26' title="bbox 466 3079 1308 3189; baseline -0.007 -25"><span class='ocrx_word' id='word_1_178' title='bbox 466 3085 687 3164; x_wconf 86' lang='lat' dir='ltr'><strong>Prolocutor</strong></span> <span class='ocrx_word' id='word_1_179' title='bbox 705 3081 945 3164; x_wconf 83' lang='lat' dir='ltr'><strong>Parsamenti</strong></span> <span class='ocrx_word' id='word_1_180' title='bbox 961 3079 1116 3189; x_wconf 84' lang='lat' dir='ltr'><strong>Reipub.</strong></span> <span class='ocrx_word' id='word_1_181' title='bbox 1139 3080 1308 3186; x_wconf 75' lang='lat' dir='ltr'><strong>Angliae.</strong></span> 
     </span>
    </p>
   </div>
   <div class='ocr_carea' id='block_1_6' title="bbox 165 3439 1310 3659">
    <p class='ocr_par' dir='ltr' id='par_1_6' title="bbox 165 3439 1310 3659">
     <span class='ocr_line' id='line_1_27' title="bbox 165 3439 1310 3550; baseline -0.004 -28"><span class='ocrx_word' id='word_1_182' title='bbox 165 3443 447 3524; x_wconf 83' lang='lat' dir='ltr'><strong>Parlamentum</strong></span> <span class='ocrx_word' id='word_1_183' title='bbox 468 3439 626 3550; x_wconf 82' lang='lat' dir='ltr'><strong>Ret&#39;pub.</strong></span> <span class='ocrx_word' id='word_1_184' title='bbox 649 3440 806 3546; x_wconf 83' lang='lat' dir='ltr'><strong>Angliae</strong></span> <span class='ocrx_word' id='word_1_185' title='bbox 824 3439 963 3547; x_wconf 82' lang='lat' dir='ltr'><strong>illustri</strong></span> <span class='ocrx_word' id='word_1_186' title='bbox 977 3456 1015 3518; x_wconf 85' lang='lat' dir='ltr'><strong>et</strong></span> <span class='ocrx_word' id='word_1_187' title='bbox 1027 3439 1220 3547; x_wconf 67' lang='lat' dir='ltr'><strong>magnpsco</strong></span> <span class='ocrx_word' id='word_1_188' title='bbox 1242 3440 1310 3517; x_wconf 90' lang='lat' dir='ltr'><strong>Ci-</strong></span> 
     </span>
     <span class='ocr_line' id='line_1_28' title="bbox 314 3551 1163 3659; baseline -0.004 -26"><span class='ocrx_word' id='word_1_189' title='bbox 314 3556 449 3635; x_wconf 85' lang='lat' dir='ltr'><strong>vitatis</strong></span> <span class='ocrx_word' id='word_1_190' title='bbox 469 3552 761 3659; x_wconf 73' lang='lat' dir='ltr'><strong>Hamburgerfis</strong></span> <span class='ocrx_word' id='word_1_191' title='bbox 783 3551 952 3644; x_wconf 84' lang='lat' dir='ltr'><strong>Senatui,</strong></span> <span class='ocrx_word' id='word_1_192' title='bbox 975 3552 1163 3632; x_wconf 88' lang='lat' dir='ltr'><strong>Salutem.</strong></span> 
     </span>
    </p>
   </div>
   <div class='ocr_carea' id='block_1_7' title="bbox 158 3724 1308 4410">
    <p class='ocr_par' dir='ltr' id='par_1_7' title="bbox 158 3724 1308 4410">
     <span class='ocr_line' id='line_1_29' title="bbox 162 3724 1069 3841; baseline -0.008 -29"><span class='ocrx_word' id='word_1_193' title='bbox 162 3731 420 3841; x_wconf 87' lang='lat' dir='ltr'><strong>Ampliffimi,</strong></span> <span class='ocrx_word' id='word_1_194' title='bbox 440 3727 643 3835; x_wconf 88' lang='lat' dir='ltr'><strong>magnifici</strong></span> <span class='ocrx_word' id='word_1_195' title='bbox 662 3746 701 3807; x_wconf 94' lang='lat' dir='ltr'><strong>et</strong></span> <span class='ocrx_word' id='word_1_196' title='bbox 721 3724 945 3835; x_wconf 73' lang='lat' dir='ltr'><strong>spectabiles</strong></span> <span class='ocrx_word' id='word_1_197' title='bbox 966 3728 1069 3821; x_wconf 90' lang='lat' dir='ltr'><strong>Viri,</strong></span> 
     </span>
     <span class='ocr_line' id='line_1_30' title="bbox 431 3838 805 3933; baseline -0.016 -11"><span class='ocrx_word' id='word_1_198' title='bbox 431 3842 549 3922; x_wconf 92' lang='lat' dir='ltr'><strong>amici</strong></span> <span class='ocrx_word' id='word_1_199' title='bbox 570 3838 781 3920; x_wconf 89' lang='lat' dir='ltr'><strong>chariffimi</strong></span> <span class='ocrx_word' id='word_1_200' title='bbox 795 3870 805 3933; x_wconf 83' lang='lat'>3</span> 
     </span>
     <span class='ocr_line' id='line_1_31' title="bbox 250 3962 1308 4075; baseline -0.003 -28"><span class='ocrx_word' id='word_1_201' title='bbox 250 3969 509 4048; x_wconf 82' lang='lat' dir='ltr'><strong>Arlamentum</strong></span> <span class='ocrx_word' id='word_1_202' title='bbox 523 3964 680 4075; x_wconf 67' lang='lat' dir='ltr'><strong>Retpub.</strong></span> <span class='ocrx_word' id='word_1_203' title='bbox 699 3963 855 4070; x_wconf 80' lang='lat' dir='ltr'><strong>Angliae</strong></span> <span class='ocrx_word' id='word_1_204' title='bbox 867 3962 996 4043; x_wconf 88' lang='lat' dir='ltr'><strong>literas</strong></span> <span class='ocrx_word' id='word_1_205' title='bbox 1010 3962 1151 4043; x_wconf 89' lang='lat' dir='ltr'><strong>vestras</strong></span> <span class='ocrx_word' id='word_1_206' title='bbox 1167 3965 1308 4072; x_wconf 92' lang='lat' dir='ltr'><strong>quinto</strong></span> 
     </span>
     <span class='ocr_line' id='line_1_32' title="bbox 273 4074 1307 4185; baseline -0.006 -25"><span class='ocrx_word' id='word_1_207' title='bbox 273 4080 430 4160; x_wconf 90' lang='lat' dir='ltr'><strong>decimo</strong></span> <span class='ocrx_word' id='word_1_208' title='bbox 450 4079 628 4185; x_wconf 89' lang='lat' dir='ltr'><strong>Januarii</strong></span> <span class='ocrx_word' id='word_1_209' title='bbox 644 4078 826 4185; x_wconf 89' lang='lat' dir='ltr'><strong>proxime</strong></span> <span class='ocrx_word' id='word_1_210' title='bbox 842 4074 959 4184; x_wconf 88' lang='lat' dir='ltr'><strong>elapsr</strong></span> <span class='ocrx_word' id='word_1_211' title='bbox 978 4075 1217 4183; x_wconf 90' lang='lat' dir='ltr'><strong>Hamburgo</strong></span> <span class='ocrx_word' id='word_1_212' title='bbox 1237 4077 1307 4155; x_wconf 93' lang='lat' dir='ltr'><strong>da·</strong></span> 
     </span>
     <span class='ocr_line' id='line_1_33' title="bbox 160 4187 1307 4302; baseline -0.006 -29"><span class='ocrx_word' id='word_1_213' title='bbox 160 4212 232 4286; x_wconf 88' lang='lat' dir='ltr'><strong>tas,</strong></span> <span class='ocrx_word' id='word_1_214' title='bbox 262 4221 411 4302; x_wconf 89' lang='lat' dir='ltr'><strong>perque</strong></span> <span class='ocrx_word' id='word_1_215' title='bbox 443 4190 619 4271; x_wconf 91' lang='lat' dir='ltr'><strong>nobilem</strong></span> <span class='ocrx_word' id='word_1_216' title='bbox 643 4190 790 4268; x_wconf 88' lang='lat' dir='ltr'><strong>Virum</strong></span> <span class='ocrx_word' id='word_1_217' title='bbox 821 4188 1049 4267; x_wconf 90' lang='lat' dir='ltr'><strong>Dominum</strong></span> <span class='ocrx_word' id='word_1_218' title='bbox 1077 4189 1233 4267; x_wconf 83' lang='lat' dir='ltr'><strong>Leonem</strong></span> <span class='ocrx_word' id='word_1_219' title='bbox 1260 4187 1307 4266; x_wconf 87' lang='lat' dir='ltr'><strong>ab</strong></span> 
     </span>
     <span class='ocr_line' id='line_1_34' title="bbox 158 4298 1307 4410; baseline -0.006 -26"><span class='ocrx_word' id='word_1_220' title='bbox 158 4304 313 4410; x_wconf 66' lang='lat' dir='ltr'><strong>Assma</strong></span> <span class='ocrx_word' id='word_1_221' title='bbox 331 4303 503 4384; x_wconf 87' lang='lat' dir='ltr'><strong>vestrum</strong></span> <span class='ocrx_word' id='word_1_222' title='bbox 527 4320 567 4383; x_wconf 91' lang='lat' dir='ltr'><strong>et</strong></span> <span class='ocrx_word' id='word_1_223' title='bbox 590 4321 817 4382; x_wconf 87' lang='lat' dir='ltr'><strong>caeterarum</strong></span> <span class='ocrx_word' id='word_1_224' title='bbox 846 4300 1068 4380; x_wconf 91' lang='lat' dir='ltr'><strong>Civitatum</strong></span> <span class='ocrx_word' id='word_1_225' title='bbox 1097 4298 1307 4378; x_wconf 92' lang='lat' dir='ltr'><strong>Hanseati-</strong></span> 
     </span>
    </p>
   </div>
   <div class='ocr_carea' id='block_1_8' title="bbox 157 4408 1307 4637">
    <p class='ocr_par' dir='ltr' id='par_1_8' title="bbox 157 4408 1307 4637">
     <span class='ocr_line' id='line_1_35' title="bbox 157 4408 1305 4520; baseline -0.006 -24"><span class='ocrx_word' id='word_1_226' title='bbox 157 4444 296 4497; x_wconf 89' lang='lat' dir='ltr'><strong>carum</strong></span> <span class='ocrx_word' id='word_1_227' title='bbox 331 4415 581 4496; x_wconf 91' lang='lat' dir='ltr'><strong>Refidentem</strong></span> <span class='ocrx_word' id='word_1_228' title='bbox 616 4413 748 4493; x_wconf 90' lang='lat' dir='ltr'><strong>allatas</strong></span> <span class='ocrx_word' id='word_1_229' title='bbox 784 4411 935 4520; x_wconf 90' lang='lat' dir='ltr'><strong>accepit</strong></span> <span class='ocrx_word' id='word_1_230' title='bbox 969 4432 1085 4520; x_wconf 85' lang='lat' dir='ltr'><strong>atque</strong></span> <span class='ocrx_word' id='word_1_231' title='bbox 1121 4408 1305 4519; x_wconf 87' lang='lat' dir='ltr'><strong>perlegit,</strong></span> 
     </span>
     <span class='ocr_line' id='line_1_36' title="bbox 157 4523 1307 4637; baseline -0.003 -28"><span class='ocrx_word' id='word_1_232' title='bbox 157 4555 333 4637; x_wconf 87' lang='lat' dir='ltr'><strong>eumque</strong></span> <span class='ocrx_word' id='word_1_233' title='bbox 359 4556 409 4608; x_wconf 87' lang='lat' dir='ltr'><strong>ex</strong></span> <span class='ocrx_word' id='word_1_234' title='bbox 436 4555 572 4607; x_wconf 90' lang='lat' dir='ltr'><strong>earum</strong></span> <span class='ocrx_word' id='word_1_235' title='bbox 600 4523 837 4606; x_wconf 89' lang='lat' dir='ltr'><strong>authoritate</strong></span> <span class='ocrx_word' id='word_1_236' title='bbox 862 4523 1025 4617; x_wconf 91' lang='lat' dir='ltr'><strong>audivit,</strong></span> <span class='ocrx_word' id='word_1_237' title='bbox 1049 4542 1089 4602; x_wconf 92' lang='lat' dir='ltr'><strong>et</strong></span> <span class='ocrx_word' id='word_1_238' title='bbox 1114 4548 1200 4630; x_wconf 85' lang='lat' dir='ltr'><strong>quae</strong></span> <span class='ocrx_word' id='word_1_239' title='bbox 1222 4549 1307 4607; x_wconf 90' lang='lat' dir='ltr'><strong>am·</strong></span> 
     </span>
    </p>
   </div>
   <div class='ocr_carea' id='block_1_9' title="bbox 0 0 1482 4980">
    <p class='ocr_par' dir='ltr' id='par_1_9' title="bbox 0 0 1482 4980">
     <span class='ocr_line' id='line_1_37' title="bbox 0 0 1482 4980; baseline 0 5"><span class='ocrx_word' id='word_1_240' title='bbox 0 0 1482 4980; x_wconf 95' lang='lat' dir='ltr'><strong> </strong></span> 
     </span>
    </p>
   </div>
  </div>
 </body>
</html>
