2956 4980
258 223 337 305 266
481 207 644 303 Literae
670 200 864 302 Oliverii
890 205 1182 306 Protedtoris.

255 396 525 488 oppugnatam
545 376 582 455 se
602 375 810 472 dedidisse;
841 405 981 457 verum
996 405 1042 457 ea
1060 375 1149 485 lege
1165 395 1206 458 et
1220 379 1337 486 padto
1354 375 1411 482 (id

251 491 359 600 quod
378 490 508 600 ipsum
522 487 722 570 Lamberti
737 487 1050 601 chirographum
1069 489 1321 596 obfignatum
1337 487 1409 567 tes·

252 603 414 710 rabitur)
436 623 480 684 ut
499 601 621 695 navis,
635 618 673 680 et
687 629 930 711 quacunque
948 603 989 681 in
1003 601 1071 681 illa
1087 600 1246 682 fuiffent
1260 601 1409 706 Angla-

251 744 336 796 rum
350 714 468 809 bona,
483 713 672 820 Flffngae
683 715 1001 795 restituerentur:
1032 711 1081 793 eb
1092 740 1188 793 cum
1201 713 1411 824 appulsum

253 828 324 922 est,
353 855 495 908 navem
520 825 683 935 quidem
713 844 752 906 et
781 827 1031 908 nauticorum
1059 825 1216 935 peculia
1244 824 1410 918 reddita,

250 957 519 1019 mercatorum
552 936 801 1044 Anglicorum
834 938 938 1018 bona
972 937 1157 1047 adempta
1189 964 1411 1045 eorumque

251 1052 475 1133 auctionem
495 1050 626 1130 statim
652 1049 726 1129 effe
750 1048 922 1130 factam:
954 1048 992 1130 se
1011 1069 1245 1131 mercatores
1265 1076 1410 1158 nempe

250 1163 394 1271 quibus
408 1161 485 1244 hoc
497 1161 633 1242 damni
644 1160 782 1242 datum
794 1162 968 1256 est,cum
980 1162 1022 1241 in
1031 1160 1412 1270 foroFlffngenfium

251 1274 336 1355 suas
362 1303 422 1355 res
447 1291 683 1383 repeterent,
708 1274 948 1382 iniquiffima
972 1273 1160 1354 sententia
1184 1277 1279 1368 lata,
1297 1274 1410 1354 litem

250 1414 344 1467 cum
368 1386 579 1494 grandibus
605 1387 789 1495 impenfis
816 1387 904 1494 post
931 1386 1251 1495 quinquennium
1276 1386 1406 1494 perdi·

250 1499 360 1593 diffe,
380 1500 428 1580 ab
449 1501 495 1579 iis
515 1499 706 1578 nimirum
716 1497 917 1604 judicibus
937 1497 1218 1604 abjudicatam,
1235 1525 1409 1606 quornm

250 1611 430 1691 nonnulli
444 1638 539 1691 cum
555 1612 595 1689 in
612 1610 680 1690 illa
696 1611 786 1689 navi
802 1612 1029 1720 praedatoria
1045 1610 1129 1690 suas
1143 1610 1313 1690 rationes
1327 1610 1409 1689 col·

250 1722 345 1803 latas
364 1720 607 1817 habuiffent3
639 1740 679 1801 et
696 1721 849 1829 judices
869 1742 909 1803 et
932 1722 1137 1803 adversarii
1156 1740 1196 1802 et
1215 1724 1274 1802 rei
1295 1721 1409 1801 limul

250 1853 383 1914 erant:
416 1832 517 1913 nihil
531 1835 617 1941 jam
633 1835 709 1926 fibi,
719 1833 908 1944 superclio
921 1834 1002 1945 spei
1014 1835 1084 1915 nifi
1098 1835 1139 1913 in
1151 1835 1276 1914 vestra
1286 1835 1409 1942 aequi·

252 1963 329 2025 tate
357 1963 396 2025 et
419 1946 646 2054 incorrupta
671 1945 766 2039 fidc,
784 1945 833 2025 ad
858 1974 980 2054 quam
999 1973 1104 2026 nunc
1123 1947 1293 2027 demum
1312 1973 1407 2025 con·

251 2055 438 2164 fugiunt:
469 2086 557 2137 eam
576 2057 647 2136 fibi
662 2055 746 2137 fore
766 2060 1060 2167 propenfiorem
1073 2058 1407 2152 existimarunt,fi

250 2170 379 2249 nostra
397 2169 691 2249 commendatio
710 2169 929 2250 acceffiffet.
989 2172 1043 2249 Et
1063 2167 1294 2251 hominibus
1313 2198 1406 2250 con·

251 2280 480 2361 donandum
504 2279 581 2361 hoc
601 2280 690 2361 sane
716 2281 787 2374 est,
809 2281 836 2359 s1
863 2281 904 2360 in
928 2279 1003 2361 hac
1028 2300 1134 2362 tanta
1159 2281 1408 2362 fortunarum

250 2393 409 2473 suarum
429 2393 684 2474 dimicatione
705 2393 840 2472 omnia
859 2394 1106 2488 timentibus,
1122 2394 1220 2503 quid
1234 2393 1285 2474 ab
1302 2394 1407 2474 surn-

249 2534 315 2585 ma
336 2507 565 2586 audioritate
586 2524 703 2614 atque
719 2505 897 2614 potentia
909 2506 1033 2585 vestra
1048 2507 1118 2586 fibi
1131 2508 1407 2600 metuendum,

250 2646 371 2725 quam
400 2617 496 2725 quid
526 2618 630 2726 apud
659 2620 831 2724 integros
855 2618 1068 2726 praesertim
1087 2617 1242 2724 judices
1267 2619 1318 2698 de
1343 2618 1407 2697 sua

248 2729 360 2808 causa
381 2730 424 2808 fit
444 2729 542 2809 bene
563 2729 796 2837 sperandum
820 2729 957 2839 saepius
984 2732 1024 2809 in
1052 2747 1229 2809 mentem
1247 2731 1404 2810 veniat:

249 2871 318 2922 nos
345 2842 442 2951 quin
470 2843 674 2949 religione,
695 2842 860 2947 justitia,
881 2842 1104 2949 integritate
1124 2843 1248 2922 vestri
1272 2838 1405 2952 potius

249 2984 371 3065 quam
392 2974 529 3061 rogatu
548 2955 678 3035 nostro
695 2954 867 3047 adducti,
888 2954 995 3062 quod
1015 2984 1185 3064 aequum,
1203 2956 1313 3062 quod
1325 2954 1407 3062 jus·

251 3087 352 3159 tum,
373 3068 481 3174 quod
500 3067 609 3147 vobis
630 3067 799 3173 denique
820 3066 988 3174 dignum
1008 3069 1063 3147 est
1076 3067 1295 3173 judicaturi
1314 3068 1405 3158 srtis,

252 3207 329 3259 non
350 3180 591 3258 dubitamus.
653 3181 764 3256 Deus
781 3207 849 3258 vos
870 3180 1115 3286 vestramque
1137 3178 1341 3286 Rempub.
1358 3178 1406 3257 ad

251 3292 417 3399 gloriam
439 3291 562 3384 suam,
577 3290 728 3397 suaeque
750 3291 930 3369 Ecclcsrae
952 3291 1170 3400 praefidium
1190 3290 1404 3370 conservet.

339 3402 657 3513 Westmonasterio.
716 3403 849 3512 April.
878 3405 1054 3510 1.1656.

563 3539 754 3620 oliverius
773 3541 975 3620 Protector
995 3540 1115 3651 Reip.
1138 3540 1311 3648 Angliae,
1331 3543 1405 3622 &c
