2956 4980
158 230 210 311 7²
566 187 692 280 Artis
720 187 906 315 Logicae
1103 185 1215 284 Lib.
1243 230 1280 282 1.

161 390 270 470 ergo,
291 359 461 455 alternd3
494 379 537 440 ut
557 359 795 466 gubernator
813 360 862 440 ad
883 362 1120 473 sapientem,
1144 364 1198 444 fic
1218 384 1320 443 tem-

161 476 284 584 pestas
309 473 356 553 ad
382 471 594 553 fortunam.
655 473 925 554 Inverfionum
945 472 1178 581 hujusmodi
1198 493 1241 555 et
1265 476 1323 555 al-

165 588 428 668 ternationum
461 588 501 664 in
536 583 835 665 Mathematicis
870 586 1200 696 proportionibus
1235 586 1324 668 usur

163 700 361 780 maximus
380 698 460 778 est:
482 697 545 776 sed
566 698 768 805 proportio
789 724 866 777 non
881 697 1179 779 Mathematica
1194 695 1324 780 solum

164 808 452 892 verumetiam
483 809 630 917 Logica
661 809 730 904 ost,
769 828 814 888 ut
842 810 1152 919 supradiximus,
1189 838 1325 892 rerum

163 924 346 1005 omniurn
365 924 612 1016 communis;
641 922 723 1027 ejus
743 948 839 1029 ergo
859 923 1003 1030 regulae
1023 951 1106 1004 non
1125 941 1242 1004 erant
1259 920 1325 1005 hic

165 1035 402 1118 omittendae.

223 1148 336 1229 Filia
350 1145 555 1251 stmilitudo
574 1164 705 1255 parem
725 1145 801 1226 vim
820 1145 931 1225 lrabet
945 1145 1211 1254 superioribus
1236 1146 1326 1241 illis,

154 1260 230 1367 fid
237 1259 429 1371 praecipui
449 1259 486 1337 in
505 1260 575 1339 lrac
594 1259 782 1368 explicata
791 1257 1037 1363 similitudine
1052 1258 1224 1368 AEsopici
1237 1277 1328 1368 apo-

166 1375 243 1481 logi
257 1372 451 1455 excellunt.

394 1536 536 1615 Horat.
565 1562 598 1612 1.
622 1533 746 1642 Epist.

225 1648 379 1756 Qodsi
393 1677 448 1727 me
460 1648 620 1756 populus
640 1646 941 1754 Romanusfortl
959 1667 1079 1755 roget,
1098 1678 1174 1730 cur

226 1763 313 1840 Non
334 1777 377 1840 ut
392 1758 609 1867 porticibus,
632 1760 696 1839 Sic
702 1757 860 1866 judiciis
864 1760 995 1868 fruar
1013 1759 1148 1867 iisdem,

227 1875 310 1952 Nec
306 1871 459 1981 sequar
478 1891 547 1951 aut
549 1871 707 1978 fugiam
725 1900 810 1980 qua
827 1868 952 1981 diligit
971 1871 1044 1999 ipse
1062 1875 1128 1954 vel
1137 1870 1256 1954 odit?

228 1985 326 2065 Olim
346 1982 443 2094 quod
456 1982 586 2091 vulptes
604 2002 742 2090 aegroto
761 2001 876 2065 cauta
895 1984 987 2065 leam

225 2094 436 2204 Respondit,
457 2097 646 2203 referam
672 2095 761 2204 quia
778 2123 833 2174 me
852 2096 1006 2205 vastrgia
1025 2113 1173 2178 terrent

227 2209 362 2289 Omnia
377 2227 415 2287 te
433 2205 627 2314 adversum
637 2207 867 2316 spatiantia,
887 2210 992 2289 nulla
1011 2208 1231 2317 retrorsum.

228 2384 325 2462 Huc
341 2382 461 2461 etiam
479 2378 644 2460 refertur
660 2379 843 2490 parabola
860 2383 1055 2463 Socratica
1065 2384 1189 2492 vulgd
1205 2385 1328 2483 didia3

171 2523 257 2602 quae
277 2494 332 2574 est
353 2493 526 2572 indutiio
548 2493 736 2571 similium
757 2495 1095 2603 interrogationib.
1122 2495 1206 2577 ferd
1229 2525 1329 2578 con·

174 2607 287 2685 stans.
348 2605 421 2683 Illa
442 2623 590 2697 autem,
613 2607 742 2712 inquit
764 2604 918 2697 Fabius,
942 2608 1039 2689 hanc
1065 2607 1199 2688 habuit
1221 2609 1328 2703 virn,·

173 2737 217 2797 ut
235 2717 317 2798 caim
330 2717 449 2826 plura
469 2715 724 2824 interrogaffet
745 2719 930 2812 Socrates,
950 2749 1034 2829 qua
1039 2719 1175 2829 fateri
1189 2720 1331 2802 adver·

159 2829 268 2936 sario
293 2829 423 2939 necsffl
445 2827 542 2938 effi’t,
568 2829 746 2934 navifflme
768 2829 819 2921 id,
844 2829 977 2940 dequo
1001 2832 1248 2942 quaerebatur
1273 2835 1332 2915 in·

159 2944 308 3051 ferret,
336 2943 401 3022 cui
412 2941 534 3047 stmile
561 2940 802 3046 adversamus
835 2942 1054 3053 conceffſjit.
1115 2943 1221 3023 Vide
1236 2972 1332 3055 pag.

175 3056 224 3136 68
241 3057 289 3136 ad
311 3059 351 3133 *.

449 3332 573 3410 CAP.
598 3332 737 3410 XXII.
770 3333 833 3411 De
855 3332 1053 3413 Similibas.

194 3533 241 3594 ·,
322 3508 545 3584 ·Αᾶεηυε
567 3506 720 3599 fimilia,
734 3534 905 3613 quorum
921 3500 1088 3616 qualitas
1100 3507 1156 3587 est
1175 3511 1333 3591 eadem.

200 3655 241 3732 ,ι
342 3719 346 3731 .
400 3616 597 3722 Dffmilia
611 3617 708 3723 strat
735 3636 964 3727 comparata,
988 3649 1141 3730 quorum
1168 3624 1337 3730 qualitas

250 3768 266 3808 s
350 3760 359 3776 ·
399 3727 623 3837 sssdiversa.

201 3866 210 3874 ‘
281 3860 345 3881 *‘
457 3842 757 3920 Contrariorum
783 3844 889 3921 enirn
918 3842 1056 3923 eadem
1081 3842 1241 3925 scientia
1261 3845 1332 3926 est.

177 3955 230 4031 Et
252 3953 332 4031 Cic.
365 3955 404 4030 in
431 3954 515 4062 Tap.
543 3952 695 4060 ejusdem
715 3954 777 4062 est,
806 3954 947 4061 inquit,
977 3953 1135 4061 diffimile
1159 3974 1197 4037 et
1207 3956 1336 4063 stmile

176 4064 355 4144 invenire.
418 4065 464 4143 In
482 4063 558 4144 hoc
578 4065 766 4146 differunt
781 4066 980 4146 dissimilia
999 4064 1020 4146 ὲ
1039 4068 1212 4162 diversis,
1223 4070 1335 4178 quod

174 4176 447 4256 diffimilitudo
469 4176 513 4255 srt
532 4177 753 4257 differentia
772 4199 1012 4287 comparata,
1026 4200 1065 4260 et
1085 4208 1164 4260 non
1184 4182 1336 4277 eidem,

174 4289 316 4369 eodem
338 4287 472 4368 saltem
495 4308 686 4398 tempore,
707 4290 769 4369 sed
795 4291 951 4371 diversis
979 4292 1216 4402 plerumque
1242 4292 1336 4375 sub·

167 4402 284 4506 jestis
313 4402 559 4481 attribuatur.
623 4404 759 4511 ltaq'ue
790 4402 1030 4483 diversorum
1051 4433 1129 4485 uno
1156 4409 1336 4513 negotio,
