2956 4980
157 263 236 327 212
393 223 555 316 Literae
582 224 774 316 Senatus
800 212 1074 346 Anglicani.

159 398 262 506 plius
291 397 339 475 ab
367 397 490 475 vestra
510 397 683 475 Civitate
711 394 894 475 mandata
917 393 1129 502 speciatim
1157 387 1290 482 babuit,

160 510 209 589 de
229 509 275 589 iis
296 509 343 589 ad
365 508 567 588 Concilium
585 510 719 588 Status
744 507 905 600 remisit,
925 504 1071 614 quibus
1091 522 1137 583 ut
1154 502 1291 608 excipe-

160 641 247 700 rent
265 649 351 728 quae
366 621 415 700 ab
432 649 479 699 eo
499 640 825 731 proponerentur,
841 619 969 726 deque
989 618 1038 696 iis
1056 642 1145 724 quae
1156 612 1250 719 justa
1265 634 1293 691 et

160 761 269 840 aequa
283 735 521 827 viderentur,
534 761 628 812 cum
647 761 695 811 eo
714 729 834 839 quim
853 731 1031 839 primum
1048 726 1291 833 transgerent,

161 844 344 925 authores
378 843 550 938 fuimus;
593 843 699 952 quod
732 844 853 923 etiam
885 841 1028 920 exinde
1061 835 1290 918 factumest.

163 958 300 1065 thue
322 957 617 1035 Parlamentum
636 985 774 1035 earum
792 982 926 1034 rerum
944 981 1032 1061 quae
1049 948 1072 1031 ir
1092 950 1201 1030 vobis
1219 946 1292 1028 affe·

162 1090 296 1149 rentur
326 1068 501 1147 debitam
528 1070 721 1147 rationem
751 1067 902 1177 semper
924 1065 961 1145 se
984 1063 1058 1144 esse
1086 1060 1293 1141 habiturum

161 1180 342 1273 ostendit,
370 1179 562 1287 suumque
589 1206 681 1286 erga
702 1179 868 1258 vestram
895 1177 1097 1257 civitatem
1124 1173 1292 1281 singulare

164 1291 352 1384 studium,
377 1291 490 1370 miffo
517 1291 612 1370 illuc
646 1291 853 1371 Residente
881 1289 963 1383 suo,
994 1287 1131 1395 ibique
1159 1310 1293 1365 manere

156 1403 273 1509 jusso,
295 1404 477 1482 testatum
499 1403 691 1497 reddidit;
714 1405 767 1482 ita
787 1400 952 1483 viciffim
972 1403 1155 1508 expectat
1173 1417 1212 1476 et
1229 1424 1294 1476 me·

164 1514 241 1594 ritb
259 1515 423 1624 quidem
443 1515 613 1624 postulat
634 1513 656 1594 ὲ
675 1515 783 1594 vobis
809 1542 918 1622 aequa
942 1512 1052 1592 reddi
1073 1512 1120 1590 iis
1141 1511 1183 1588 in
1201 1509 1296 1589 rebus

161 1656 248 1736 quae
276 1626 392 1732 hujus
424 1626 577 1735 reipub.
606 1654 656 1706 ex
690 1626 774 1719 usu,
802 1626 851 1706 ab
883 1624 950 1704 suo
979 1625 1086 1703 disto
1107 1622 1296 1702 Refideute

163 1739 308 1847 suoque
331 1741 489 1818 nomine
510 1739 641 1818 vestrae
667 1740 832 1831 civitati,
852 1733 1071 1845 antiquitirs
1091 1735 1225 1814 amicae
1243 1761 1299 1812 uo·

163 1851 222 1929 bis
251 1871 290 1930 et
317 1847 523 1942 soederatae,
545 1851 608 1929 vel
635 1851 720 1957 jam
751 1850 925 1959 exposita
952 1849 1015 1928 vel
1047 1849 1088 1926 in
1118 1845 1300 1957 posterum

165 1961 396 2068 exponenda
415 1984 543 2041 erunt.
1310 1976 1313 1981 ’

224 2073 543 2182 Wssmonasterio.
598 2078 699 2156 Dat.
722 2073 777 2154 die
796 2071 928 2182 April.
951 2074 1033 2151 An.
1055 2073 1170 2152 Dom.
1199 2069 1244 2148 16
1248 2091 1301 2173 52·

316 2185 396 2263 Sub
415 2186 541 2292 figillo
562 2186 801 2266 Parlamenti
820 2183 1037 2291 subscripsit
1055 2182 1138 2288 ejus
1160 2182 1303 2260 nomine

635 2316 752 2406 atque
772 2294 1008 2375 authoritate
1355 2286 1357 2291 ’

467 2411 689 2489 Prolocutor
710 2408 953 2489 Parlamenti
969 2403 1128 2515 Remus.
1152 2405 1308 2512 Anglii.

169 2792 369 2873 Concilium
392 2796 524 2874 Status
544 2795 772 2905 Reipublicae
793 2793 949 2900 Angliae
963 2791 1186 2898 Serenffmo
1202 2791 1339 2872 Prin‘

225 2905 302 3014 cipi
321 2909 379 2986 D.
411 2909 443 2985 F
447 2908 658 2987 erdinando
688 2905 849 2988 Secundo
879 2908 1023 3012 Magno
1045 2905 1154 2985 Duci
1173 2909 1357 2985 Hetruf

225 3018 310 3110 riae,
333 3020 520 3098 Salutem.

266 3192 473 3271 Oncilium
495 3193 628 3271 Status
647 3219 740 3271 cum
760 3188 782 3270 ὲ
803 3193 937 3273 Carolo
958 3189 1175 3298 Longlundo
1195 3193 1265 3299 qui
1286 3193 1324 3270 in

294 3304 414 3382 Portu
436 3304 687 3382 Celsrtudinis
704 3305 850 3383 Vestrae
870 3302 1107 3406 Liburnenst,
1128 3325 1324 3382 mercato·

158 3440 260 3490 rum
274 3415 537 3519 Anglicorum
559 3418 715 3521 negotia
735 3436 932 3525 procurat,
945 3416 1088 3494 certius
1107 3443 1179 3523 per
1198 3417 1325 3495 literas

172 3523 281 3602 fieret
296 3527 594 3631 quatuordecim
610 3528 652 3606 N
656 3555 744 3605 aves
764 3528 1009 3637 praesrdiarias
1028 3527 1326 3607 Foederatorum

172 3635 375 3742 Belgarum
400 3638 440 3715 in
468 3667 561 3716 eum
591 3639 755 3717 Portum
786 3668 912 3750 nuper
935 3636 1092 3730 veniffe,
1113 3640 1185 3746 qui
1214 3668 1326 3718 naves

170 3749 396 3854 Anglorum
417 3749 455 3825 in
478 3750 560 3857 ipso
578 3751 698 3828 Portu
715 3751 841 3829 vestro
862 3770 928 3831 aut
949 3749 1172 3830 incensuros
1194 3752 1232 3830 se
1252 3750 1325 3830 esse

174 3879 240 3938 aut
255 3858 496 3968 depressuros
513 3862 652 3939 minati
673 3858 803 3971 palim
823 3863 924 3956 sunt,
939 3862 1201 3969 Vestramque
1219 3866 1327 3942 Sere·

173 3972 336 4049 nitatem
357 3970 466 4075 cujus
487 3973 606 4051 fidem
627 3994 744 4080 atque
764 4003 885 4083 opem
903 3974 1060 4081 Angliae
1081 3975 1327 4054 Mercatores

172 4082 227 4161 ibi
258 4104 547 4162 commorantes
577 4085 896 4192 imploraverant,
933 4086 1190 4190 Liburnienstr
1227 4089 1328 4165 Prae-

173 4196 256 4274 srdii
284 4191 464 4303 praeseeto
493 4195 700 4288 manddffe,
725 4200 783 4275 uti
812 4197 889 4276 illis
909 4197 1138 4304 Anglorum
1164 4199 1328 4278 navibus

171 4308 320 4387 auxilio
341 4304 433 4383 esset
460 4305 515 4383 sui
545 4309 716 4385 muneris
741 4327 858 4417 atque
883 4309 1003 4387 officii
1024 4308 1222 4412 judicavit
1241 4310 1328 4401 esse,

173 4423 229 4500 uti
262 4416 547 4497 Celsrtudinem
572 4418 752 4497 Vestram
782 4421 992 4500 certiorem
1019 4418 1180 4515 faceret,
1207 4420 1329 4531 quim
