2956 4980
91 312 96 322 ι
163 210 240 315 136
395 148 398 153 -
518 182 696 288 ⁴Artis
723 194 906 323 Logicae
1103 189 1212 287 Lib.
1236 228 1275 284 a.

158 397 254 476 ergo
275 396 353 447 non
374 369 552 447 amittere
573 388 612 446 et
632 364 774 446 babere
794 366 881 446 sunt
897 368 1019 462 idem,
1032 367 1164 447 nullus
1180 369 1314 474 itaque

160 478 226 561 hic
245 480 302 558 cst
323 481 477 560 medius
506 481 710 571 terminuS,
732 478 795 557 sed
823 480 982 587 perinde
1010 507 1056 560 ac
1083 480 1110 559 sr
1138 480 1313 572 diceres;

163 599 263 704 Qae
283 590 417 686 habes,
438 591 571 684 habes,
591 619 736 671 cornua
756 589 890 684 habes,
910 620 1005 701 ergo
1024 591 1159 674 habes.
1221 594 1315 672 Hu-

153 704 219 811 jus
240 707 393 813 generis
412 706 482 798 est,
503 731 596 783 cum
617 704 777 783 tertium
801 724 1080 812 argumentum
1108 732 1188 786 non
1213 707 1316 786 inte·

160 846 278 927 grum
296 815 317 895 ὲ
336 816 598 925 proposrtione
612 815 839 895 affumitur:
862 835 919 908 ut,
936 847 1051 897 omnes
1066 818 1317 927 aprrslolistrnt

160 929 361 1020 duodecim
390 932 531 1008 Petrus
542 946 576 1007 et
590 927 1032 1037 Joannerstrntapostoli;
1057 959 1158 1036 ergo,
1173 933 1319 1012 Petrus

161 1060 197 1120 et
209 1040 479 1150 Joannessunt
494 1039 688 1120 duodecim.
729 1041 813 1120 Hic
831 1070 946 1121 omnes
961 1041 1165 1123 collective
1182 1043 1318 1152 sump-

164 1175 264 1247 tum,
286 1181 373 1262 pars
400 1152 456 1231 est
487 1153 592 1232 tertii
619 1154 856 1260 argumenti,
877 1155 984 1260 quod
1012 1173 1143 1235 totum
1170 1159 1316 1235 eratin

162 1264 419 1373 affumptione
444 1264 728 1344 affumendum.
787 1265 853 1344 Ad
881 1264 960 1346 hoc
989 1265 1185 1377 sophisma
1212 1265 1317 1348 refe-

163 1379 290 1457 rendae
318 1377 404 1457 sunt
427 1376 597 1485 denique
621 1405 758 1457 omnes
782 1378 1049 1459 converfiones
1075 1381 1318 1461 enuntiatioss

162 1519 284 1585 num;
312 1491 466 1598 quoties
480 1517 565 1570 rem
575 1489 741 1569 dubiam
753 1518 832 1569 non
845 1510 1079 1599 argumento
1092 1493 1169 1572 five
1182 1492 1318 1573 medio

163 1604 348 1696 termino,
362 1601 426 1681 sed
446 1602 694 1681 converslone
710 1602 786 1681 sola
800 1601 963 1711 probare
977 1604 1239 1685 contendunt:
1267 1604 1316 1684 de

163 1743 240 1824 qua
260 1713 372 1825 supra
393 1714 634 1793 monuimus.
693 1716 828 1822 Atque
847 1712 909 1795 his
926 1713 1006 1796 fere
1026 1717 1155 1796 modis
1173 1717 1216 1795 in
1236 1713 1317 1797 for-

163 1855 272 1907 mam
293 1824 505 1935 syllogismi
524 1825 749 1933 generalem
767 1845 962 1936 peccatur.

219 1940 390 2019 Materia
411 1937 622 2047 syllogismi
642 1937 776 2017 vitiosa
796 1940 866 2032 est,
879 1942 1033 2048 quoties
1052 1941 1333 2023 antecedentis

161 2079 249 2160 pars
267 2050 328 2130 vel
349 2051 468 2131 altera
484 2051 547 2130 vel
568 2071 730 2160 utraque
751 2051 806 2130 est
826 2050 935 2131 falsa:
967 2053 1008 2132 id
1028 2052 1073 2131 fit
1093 2072 1151 2134 tot
1170 2055 1319 2149 modis,

161 2182 259 2272 quot
294 2162 381 2242 sunt
413 2182 738 2270 argumentorum
776 2191 932 2271 genera.
994 2169 1182 2273 Qorum
1220 2163 1319 2246 clam

162 2277 302 2355 veritas
323 2295 410 2355 tum
431 2275 571 2354 falsitas
583 2302 809 2383 quanquam
829 2277 868 2354 in
887 2277 1084 2356 axiomate
1098 2279 1319 2385 judicatur,

163 2408 368 2497 propterea
389 2408 518 2468 tamen
540 2386 647 2495 quod
673 2406 903 2495 argumenta
928 2387 1009 2498 ipsa
1033 2390 1071 2467 in
1093 2389 1321 2499 syllogismo

162 2499 434 2607 disponuntur,
456 2501 524 2608 qui
551 2500 661 2578 modi
685 2499 877 2611 praecipue
899 2501 1153 2582 nominantur
1172 2500 1196 2582 ὲ
1215 2503 1320 2582 Dia·

163 2612 310 2692 lecticis
330 2612 392 2691 vel
419 2613 581 2691 materia
607 2610 698 2705 sola,
720 2612 781 2691 vel
805 2615 950 2721 partim
971 2616 1149 2709 materia,
1170 2616 1321 2725 partim

163 2722 291 2803 forma
311 2723 451 2817 vitiofi,
473 2752 538 2803 eos
559 2720 624 2802 hle
644 2722 814 2803 breviter
832 2727 1086 2832 attingemus.

221 2837 377 2916 Primus
404 2836 460 2915 est
488 2837 658 2927 materiae
684 2835 825 2931 solius;
856 2833 1080 2946 dicitr'rrque
1105 2867 1174 2918 non
1197 2839 1322 2946 caresae

162 2968 205 3029 ut
237 2949 370 3057 causae.
432 2947 565 3027 Causae
592 2966 724 3026 autem
750 2976 895 3028 nomen
920 2948 986 3029 hlc
1012 2949 1218 3059 usurpatur
1244 2978 1321 3059 pro

161 3064 298 3171 quovis
319 3080 567 3169 argumento,
590 3060 710 3140 etiam
734 3088 813 3139 non
841 3060 972 3141 effecti
999 3080 1043 3141 ut
1068 3061 1216 3156 effecti,
1237 3089 1321 3142 non

160 3173 320 3279 subjecti
340 3194 384 3253 ut
404 3173 578 3279 subjecti,
595 3190 634 3250 et
654 3173 704 3251 fic
724 3173 920 3283 deinceps.
956 3174 1074 3255 Hanc
1088 3175 1321 3284 captionem

161 3286 404 3393 fingulorum
434 3303 756 3393 argumentorum
783 3284 1029 3365 definitiones
1054 3285 1169 3368 facile
1198 3285 1320 3367 refel-

164 3397 263 3476 lunt.
1313 3400 1315 3404 ’

219 3509 418 3588 Secundus
446 3509 501 3587 est
528 3538 614 3617 quae
632 3530 792 3589 vocatur
818 3507 970 3590 fallacia
990 3509 1204 3607 accidentis,
1225 3511 1320 3607 five,

162 3622 269 3731 quod
291 3622 397 3700 idem
417 3621 486 3714 est,
502 3617 641 3700 adicio
657 3620 867 3701 secundum
882 3622 979 3731 quid
992 3624 1041 3702 ad
1056 3623 1211 3704 dictum
1225 3623 1321 3705 fim-

163 3735 342 3844 pliciter:
375 3734 436 3811 vel
467 3731 616 3825 contri,
644 3730 665 3811 ὲ
696 3734 801 3813 dicto
832 3733 1059 3843 {impliciter
1085 3736 1134 3815 ad
1164 3736 1323 3817 dicium

164 3846 377 3927 secundum
403 3844 523 3953 quid3
555 3847 708 3953 quoties
737 3846 776 3924 id
804 3849 912 3954 quod
938 3847 1110 3953 adjuncti
1134 3846 1206 3942 est,
1225 3846 1321 3930 sub·

156 3961 262 4066 jecto
283 3956 507 4037 attribuitur
522 3989 531 4050 ;
564 3976 631 4035 aut
646 3954 781 4036 contra
793 3959 900 4066 quod
916 3958 1090 4065 subjecti,
1107 3959 1320 4067 adjuncto:

163 4091 222 4165 ut,
243 4100 326 4181 quae
345 4098 414 4148 non
433 4067 655 4177 restituenda
665 4068 763 4175 stent
785 4070 921 4150 domino
934 4070 1098 4179 furioso,
1118 4100 1190 4153 non
1215 4072 1323 4182 νςΙΙί-

161 4183 298 4265 tuenda
309 4181 406 4289 sunt
426 4179 588 4271 domium
618 4211 726 4261 arma
744 4210 814 4261 non
833 4181 1054 4290 restituenda
1064 4183 1163 4292 stent
1180 4183 1321 4268 domino

147 4296 324 4407 furioso,·
354 4322 453 4400 erga,
480 4322 549 4373 non
579 4292 741 4373 domino:
772 4294 835 4373 vel
866 4315 1026 4376 contra:
1055 4326 1139 4407 quae
1167 4297 1320 4407 reffltu-

161 4409 253 4490 enda
266 4407 365 4513 sunt
384 4404 534 4498 domino,
552 4405 660 4487 etiam
682 4404 817 4487 domino
826 4405 1001 4515 surioso;
1024 4439 1133 4491 arma
1150 4407 1318 4503 domino,-
