2956 4980
392 109 556 205 Literae
581 107 775 205 Oliverii
801 111 1091 206 Protedloris.
1239 145 1318 229 279

156 287 355 388 qua'ntum
395 283 438 362 in
476 283 589 364 nobis
623 284 693 378 est,
724 281 845 391 quam
880 281 1099 392 longiffime
1135 310 1316 362 amovere

159 396 299 474 animo
329 395 459 475 nostro
487 397 540 476 ita
567 397 785 476 constanter
819 398 1077 489 decrevimus,
1113 398 1240 474 immo
1275 413 1319 474 ut

160 506 354 612 majorem
374 507 499 588 indies
526 527 707 589 mutuam
736 508 921 589 fiduciam
945 507 1026 587 haec
1047 508 1174 588 nostra
1194 508 1318 616 pariat

161 618 416 713 necessitudo,
451 639 531 700 tam
558 619 813 701 vehementer
842 622 1041 731 cupimus,
1072 640 1117 699 ut
1147 647 1213 698 eos
1244 646 1318 728 pro

159 727 337 811 hostibus
355 728 530 812 habituri
554 734 687 825 fimus,
707 734 778 841 qui
805 733 895 813 ullis
921 732 1067 812 artibus
1095 733 1313 811 amicitiam

161 842 334 923 nostram
352 844 590 924 imminuere
610 846 856 925 conabuntur
882 845 984 924 inter
1003 871 1073 925 nos
1092 842 1317 951 nostrosque

159 955 329 1064 populos
356 952 430 1035 hac
457 984 553 1066 pace
583 958 816 1051 stabilitam;
848 956 1098 1066 eundemque
1122 956 1196 1035 esse
1217 956 1311 1034 Ma-

153 1067 302 1172 jestatis
324 1067 468 1148 Vestrae
500 1071 754 1149 animumne
784 1067 1028 1149 voluntatem
1059 1066 1173 1149 facile
1202 1066 1314 1145 nobis

160 1179 463 1286 persuademus:
501 1181 687 1290 Cumque
718 1181 910 1290 placuerit
941 1180 1139 1286 Majestati
1169 1179 1315 1258 Vestrae

160 1291 234 1372 suis
255 1295 296 1371 in
318 1291 439 1373 literis
454 1294 503 1373 ad
523 1321 592 1373 nos
608 1310 743 1403 quarto
756 1311 795 1373 et
810 1293 978 1400 vr'gajssmo
990 1292 1208 1401 Juniistylo
1224 1319 1314 1370 novo

159 1404 274 1498 datis,
299 1423 339 1484 et
370 1405 690 1514 diebus·aliquot
720 1397 807 1515 post
838 1406 1143 1485 instrumentum
1169 1401 1313 1481 confir-

160 1536 274 1597 matae
289 1519 395 1625 pacis
406 1519 542 1598 datum
560 1538 677 1627 atque
693 1536 900 1625 acceptum
917 1518 1046 1597 nostro
1059 1515 1313 1595 Internuncio

160 1630 325 1723 traditis,
345 1630 604 1711 clausularum
624 1630 868 1739 quarundam
888 1628 1003 1736 hujus
1023 1627 1179 1708 soederis
1199 1653 1312 1705 men·

159 1741 310 1821 tionem
337 1740 464 1822 facere
492 1771 589 1851 quas
616 1745 863 1851 aliquantum
891 1743 1117 1821 immutatas
1135 1741 1246 1832 velit,
1267 1757 1313 1817 ut

158 1880 244 1960 quae
263 1851 358 1934 huic
372 1856 612 1962 Reipublicae,
626 1856 966 1965 quemadmodum
979 1853 1162 1960 Majestas
1174 1851 1313 1931 Vestra

158 1966 299 2059 censet,
330 1967 424 2048 levis
457 1969 674 2048 admodum
713 1968 785 2047 lint
817 1968 1026 2060 momenti,
1062 1962 1283 2073 Portugalli

160 2079 303 2185 Regno
319 2081 502 2174 maximi,
519 2082 707 2188 peculiari
729 2080 954 2161 tradatione
975 2107 1090 2185 agere
1110 2078 1157 2156 iis
1178 2078 1227 2156 de
1248 2103 1311 2154 re-

159 2190 229 2270 bus
249 2219 335 2298 quae
355 2189 377 2270 ὲ
397 2193 603 2297 Majestate
622 2193 761 2272 Vestra
789 2208 1074 2300 proponuntur,
1097 2208 1136 2267 et
1161 2190 1188 2267 fi
1213 2186 1310 2295 quid

157 2323 340 2411 praeterea
360 2301 498 2383 foederi
519 2304 749 2384 stabiliendo
762 2304 825 2383 vel
844 2305 962 2383 etiam
982 2298 1124 2381 ardtiirs
1143 2299 1311 2379 obstrin-

157 2416 289 2522 gendo
325 2416 544 2496 conducere
583 2417 759 2497 alterutri
798 2418 897 2524 parti
937 2414 1148 2506 videbitur,
1188 2412 1312 2521 parati

158 2529 332 2607 erimus:
375 2529 416 2607 in
447 2557 525 2637 qua
557 2529 773 2634 Majestatis
804 2527 964 2621 Vestrae,
999 2526 1134 2634 suique
1172 2522 1311 2634 populi

159 2637 264 2719 haud
290 2638 397 2720 secus
424 2661 541 2750 atque
570 2641 704 2734 nostri,
725 2660 770 2721 ut
796 2640 968 2749 utrisque
999 2639 1107 2746 aeque
1140 2637 1310 2729 satisfiat,

159 2753 352 2832 rationem
372 2751 630 2833 habebimus:
662 2773 778 2861 atque
799 2751 880 2831 haec
900 2753 1033 2831 omnia
1052 2748 1247 2861 Olyffiponi
1262 2775 1311 2826 an

159 2864 325 2944 Londini
340 2866 522 2972 agitanda
542 2895 586 2945 ac
603 2865 843 2973 transigenda
859 2864 944 2957 sint,
957 2863 1079 2943 vestra
1095 2863 1204 2968 optio
1220 2861 1308 2939 erit.

160 2973 314 3057 Verlrm
337 2975 414 3057 hoc
441 2976 587 3058 soedere
608 2978 694 3082 jam
720 2996 816 3070 rato,
843 2975 1034 3084 fignisque
1059 2974 1187 3081 gentis
1210 2973 1310 3051 utri-

158 3090 278 3198 usque
298 3087 372 3169 rite
392 3088 606 3197 obfignato,
627 3089 717 3169 dato
737 3091 906 3197 denique
923 3086 1088 3167 vicissim
1108 3104 1224 3192 atque
1245 3112 1311 3164 ac-

158 3220 291 3311 cepto,
308 3203 519 3283 immutare
539 3221 691 3312 partem
713 3202 793 3306 ejus
814 3202 936 3280 ullam
958 3200 1065 3279 idem
1084 3196 1175 3276 effet
1194 3215 1310 3304 atque

159 3333 290 3394 totum
303 3312 540 3409 rescindere3
568 3312 938 3422 quodMajestatem
951 3311 1131 3392 Vestram
1145 3307 1311 3388 minime

159 3428 262 3506 velle
284 3456 357 3535 pro
388 3444 495 3506 certo
526 3424 730 3506 habemus.
791 3425 990 3531 Majestati
1020 3423 1166 3503 Vestrae
1190 3420 1312 3501 fausta

159 3540 294 3618 omnia
313 3566 358 3617 ac
377 3539 560 3648 prospera
579 3556 826 3645 exoptamus.

245 3655 310 3732 Ex
330 3651 483 3731 Palatio
502 3652 617 3759 nostro
639 3654 695 3730 W
689 3648 953 3759 cstmonasterii.

399 3764 570 3872 Augusti
589 3761 645 3843 die
670 3765 789 3870 1656.

552 3874 768 3981 Majestatis
791 3873 934 3952 Vestrae
954 3870 1254 3951 Studiosrffimus

837 3985 1029 4065 Olmerius

681 4100 881 4178 Protector
902 4099 1020 4207 Reip.
1042 4095 1212 4203 Angliae,
1234 4099 1308 4175 &c
