2956 4980
298 234 463 332 Literae
490 231 718 332 Richardi
733 226 1034 332 ‘Protectoria
1159 278 1208 359 33
1216 278 1239 361 ς
1370 286 1373 291 ·

134 404 233 487 iicio
248 409 433 517 singulari
449 409 577 504 duxit,
594 438 673 490 non
693 411 748 490 est
766 410 872 518 quod
888 409 1043 491 dubitet
1057 412 1240 522 Majejslas

134 518 219 626 stra
236 523 335 630 quin
355 524 496 603 eodem
512 523 548 602 se
564 522 746 632 prosequi
766 522 892 602 studio
907 548 952 600 ac
968 524 1240 606 benevolentia

135 629 253 712 bearn
282 636 362 742 qua
391 636 508 715 Pater
535 663 647 716 meus
676 636 876 714 memoria
909 634 1152 717 sereniflimae
1182 639 1238 719 est

134 743 332 826 osecutus.
391 747 566 828 Tametfi
592 749 714 855 igitur
740 748 781 824 in
812 744 888 825 hoc
916 748 1163 854 magistratus
1195 778 1241 830 ac

134 859 290 962 gnitatis
310 858 423 939 initio
444 886 522 938 non
542 887 589 939 eo
609 860 696 938 loco
725 885 783 938 res
809 858 952 938 nostras
979 863 1172 969 reperiam
1197 882 1241 943 ut

157 969 358 1078 praesentia
387 972 529 1081 poffim
559 973 607 1050 ad
633 971 813 1079 quadam
840 973 969 1079 capita
996 971 1240 1081 respondere,

134 1107 177 1159 1ae
194 1084 382 1163 Oratores
405 1082 522 1163 vestri
544 1084 585 1161 in
612 1082 789 1162 medium
816 1083 1079 1190 protulerunt,
1109 1104 1241 1166 tamen

142 1193 368 1275 institutum
383 1192 525 1303 apatre
537 1194 664 1275 foedus
682 1222 776 1274 curn
789 1193 989 1303 Majestate
1002 1196 1131 1306 Vestra
1146 1226 1242 1278 con-

134 1331 242 1384 1uare
273 1327 314 1387 et
346 1309 488 1387 arctius
518 1308 640 1386 etiam
676 1307 913 1413 conjungere
946 1306 1049 1387 mihi
1080 1311 1245 1416 quidem

134 1443 332 1526 agnopere
352 1419 504 1528 placet3
526 1447 738 1526 rerumque
758 1420 942 1526 utrinque
961 1418 1106 1500 statum
1125 1422 1244 1501 fimu-

134 1556 156 1608 c
170 1528 326 1638 plenius
352 1531 597 1624 intellexere,
622 1531 670 1610 ad
695 1558 740 1610 ea
767 1530 1009 1638 tranfigenda
1035 1560 1121 1640 quae
1148 1561 1243 1613 cum

134 1640 293 1750 riusque
314 1644 413 1752 reip.
435 1643 655 1722 commodis
676 1643 920 1750 potiffimum
944 1644 1149 1749 conjuncta
1169 1645 1244 1724 effe

134 1752 344 1849 debuntur,
360 1782 427 1834 ero
440 1755 626 1861 equidem
643 1754 808 1863 semper,
823 1755 871 1833 ad
887 1783 951 1834 me
967 1756 1073 1862 quod
1089 1758 1242 1852 attinet,

134 1867 420 1974 ’omptiffimua
458 1869 570 1947 Deus
590 1867 749 1946 interim
765 1865 1001 1974 Majestatem
1019 1869 1184 1978 Vestram
1196 1870 1246 1949 ad

135 1979 262 2058 oriam
287 1980 410 2073 suam,
442 1997 483 2058 et
504 1977 728 2059 Orthodoxae
748 1979 921 2083 Ecclestae
941 1979 1105 2060 tutelam
1128 2001 1246 2090 atque

134 2091 314 2170 asrdium
333 2118 455 2200 quam
475 2089 687 2171 diutissime
707 2090 919 2171 conservet.
1183 2100 1188 2109 '

183 2202 489 2312 Westmonasterio
507 2230 554 2283 ex
568 2204 677 2284 Aula
695 2203 830 2312 nostra.
856 2200 984 2282 Orlob.
1011 2204 1060 2282 16
1065 2204 1131 2313 58.

134 2583 321 2666 ‚ichardus
339 2587 537 2667 Protebior
555 2585 663 2695 Rerp.
685 2584 855 2694 Angliae,
871 2583 949 2664 &a
968 2582 1187 2693 Serenifflmo
1201 2612 1249 2667 ac

156 2698 399 2804 Potentffmo
431 2697 608 2806 Principi
635 2699 780 2778 Carolo
812 2696 1002 2790 Gustavo,
1035 2697 1247 2791 Succorum,

158 2810 375 2903 Gothorum,
414 2809 732 2922 Vandalorumque
759 2810 869 2916 Regi,
900 2812 1045 2914 Magno
1074 2808 1253 2917 Principi

157 2922 382 3016 Finlandiae,
391 2923 501 3003 Duci
510 2922 670 3017 Scaniae,
684 2921 880 3031 Esthoniae,
894 2919 1071 3011 Careliae,
1087 2921 1248 3014 Bremae,

159 3033 305 3129 Verdae,
333 3035 483 3128 stetini,
510 3035 756 3127 Pomeraniae,
780 3030 961 3143 Caffirbiae
983 3047 1019 3109 et
1042 3029 1249 3126 Vandaliae,

154 3147 332 3256 Principi
336 3147 487 3254 Rugiae,
494 3147 652 3227 Domino
658 3145 818 3254 Ingriae,
832 3162 869 3224 et
878 3148 935 3224 W
928 3140 1100 3248 ffmariae,
1115 3172 1249 3224 necnon

158 3259 297 3339 Camiri
310 3259 489 3339 Palatino
509 3258 644 3353 Rheni,
658 3258 857 3352 Bavariae,
878 3255 1043 3364 Juliaci,
1059 3254 1197 3335 Cliviae
1215 3273 1253 3336 et

157 3371 345 3451 Montium
365 3371 485 3453 Duci.

134 3532 359 3626 ereniflime,
382 3531 649 3612 Potentiffime
671 3535 777 3624 Rex,
798 3530 942 3609 Amice

370 3673 414 3725 ac
435 3645 469 3722 F
470 3646 639 3724 oederate
654 3675 665 3738 ;

134 3767 283 3956 ΒΙηαε
303 3770 436 3877 accepi
455 3764 689 3873 aMajestate
705 3766 834 3875 Vestra
854 3767 1006 3859 literas;
1028 3765 1165 3846 alteras
1182 3796 1254 3877 per

222 3881 413 3960 nuncium
427 3880 556 3972 suum,
569 3879 863 3984 alterasLegato
876 3877 1070 3957 nostroD.
1082 3877 1254 3989 Philtppo

134 3990 311 4082 seadows,
328 3993 376 4072 ad
391 4021 456 4072 me
477 3990 721 4071 transmissae.
781 3991 845 4067 Ex
865 3988 1008 4096 quibus
1029 4016 1107 4068 non
1128 3989 1256 4072 solum

134 4101 281 4185 olorem
301 4104 416 4183 suurn
436 4105 484 4183 de
504 4102 615 4183 obitu
638 4102 763 4182 Patris
786 4101 867 4179 mei
897 4100 1134 4181 Sereniflimi
1154 4106 1254 4184 veris

134 4215 226 4295 nimi
247 4215 413 4297 senfibus
434 4216 672 4324 expressum,
688 4213 816 4320 deque
831 4211 913 4320 ipso
930 4210 1111 4321 Majestas
1126 4215 1167 4292 V
1160 4216 1256 4322 estro

134 4325 225 4407 urim
244 4327 427 4436 praeclare
446 4327 616 4421 senserit,
640 4353 779 4404 verum
803 4326 923 4403 etiam
943 4325 992 4405 de
1012 4352 1077 4403 me
1096 4352 1255 4435 quoque

134 4467 185 4521 rus
199 4441 389 4522 inlocum
406 4439 579 4550 suspecto
592 4456 778 4548 quantam
792 4436 900 4546 spem
911 4438 1061 4547 ceperit
1072 4442 1254 4544 cognovi.
