2956 4980
386 228 550 323 Literae
578 225 773 324 Oliverii
798 229 1088 325 Protectoris.
1232 243 1311 351 283

160 403 267 483 testis
288 403 497 495 Helvetio‚·
527 404 623 511 quid
643 406 751 484 enim
767 405 905 484 attinet
919 402 1097 513 pluribus
1112 403 1239 483 verbis
1255 422 1314 484 tot

158 515 432 595 calamitatum
452 518 672 595 recentium
691 517 926 596 memoriam
947 517 1179 623 luctumque
1200 544 1313 595 revo-

158 629 278 707 care?
314 629 414 708 Haec
443 629 578 706 omnia
605 629 692 708 loca
723 629 810 736 quis
841 628 962 708 nescit
993 627 1244 737 Hispanorum
1273 647 1313 708 et

160 742 323 822 Romani
341 739 535 847 Pontificis
557 742 715 820 confilia
738 742 941 834 incendiis,
972 740 1161 834 cladibus,
1193 768 1313 820 vexa-

160 853 335 932 tionibus
349 849 680 932 Orthodoxorum
694 882 764 963 per
781 852 857 932 hoc
872 852 1078 932 biennium
1094 852 1312 932 miscuisse?

161 967 202 1043 Si
230 966 280 1044 ad
313 962 395 1044 haec
421 982 479 1044 tot
503 964 606 1044 mala
628 965 917 1073 Protestantium
941 966 1163 1044 Fratrum
1153 984 1255 1045 rnter
1277 964 1314 1044 se

159 1076 336 1157 diffenfio
365 1076 614 1170 accesserit,
603 1097 707 1157 mter
733 1106 801 1158 vos
833 1076 1045 1186 praesertim
1073 1105 1246 1185 quorum
1272 1077 1314 1156 in

160 1189 321 1317 virtute,
341 1189 498 1298 opibus,
514 1189 728 1269 constantia
748 1190 968 1319 praefidium
985 1193 1064 1269 Ecc
1065 1189 1157 1294 lestis
1176 1189 1315 1297 Rrffor-

160 1300 273 1381 matt's
292 1301 550 1381 constitutum
574 1302 631 1380 est
655 1304 893 1397 maximum,
913 1320 1109 1409 quantum
1132 1299 1314 1381 humanae

160 1415 249 1523 opis
280 1413 350 1507 est,
383 1412 597 1523 periclitari
626 1414 849 1520 Religionem
883 1413 1008 1522 ipsam
1043 1413 1312 1520 Reformatom,

162 1546 280 1634 atque
294 1553 336 1604 m
350 1525 506 1605 summo
519 1525 742 1605 dlscrlmlne
754 1525 894 1606 versarr
907 1522 1054 1604 necesse
1067 1527 1154 1604 er1t
1193 1526 1314 1633 Qod

161 1657 312 1731 contra,
349 1639 376 1718 fi
408 1638 631 1717 universum
662 1639 951 1748 Protestantium
981 1664 1126 1716 nornen
1158 1666 1204 1716 ea
1237 1666 1315 1745 qua

160 1751 305 1830 decet
295 1768 396 1830 rnter
415 1750 451 1830 se
469 1749 639 1829 fraterna
658 1749 902 1831 consensione
922 1768 1155 1859 perpetuam
1174 1776 1314 1858 pacem

160 1862 344 1956 coluerit,
365 1861 466 1941 nihil
486 1863 650 1942 omnino
670 1864 745 1942 erit
763 1862 871 1971 quod
884 1861 1203 1972 pertimescamus
1217 1863 1314 1969 quid

161 1972 338 2055 hostium
349 1974 411 2053 vel
424 1992 523 2055 artes
535 1973 597 2053 vel
610 1980 709 2054 vires
723 1975 1016 2054 incommodare
1032 1974 1144 2054 nobis
1158 1975 1315 2084 possint,

161 2114 263 2196 quos
287 2086 364 2166 sola
389 2087 516 2166 nostra
539 2088 748 2166 concordia
774 2088 837 2166 vel
864 2086 1104 2196 propulsabit
1131 2087 1193 2166 vel
1217 2084 1316 2165 frus-

162 2198 341 2280 trabitur.
399 2205 655 2312 Qapropter
675 2200 760 2305 Maj
764 2200 925 2279 estatem
942 2200 1109 2279 vestram
1124 2198 1316 2303 majorem

163 2312 206 2390 in
231 2311 398 2390 modum
425 2339 495 2391 oro
520 2332 637 2420 atque
664 2228 837 2405 obsebo,
867 2331 910 2390 ut
936 2312 984 2390 ad
1007 2309 1312 2389 confirmandam

161 2450 257 2502 cum
275 2423 484 2503 Foederatis
500 2425 715 2504 Provinciis
726 2424 942 2503 amicitiam
959 2423 1178 2532 pristinam,
1196 2423 1223 2501 fi
1238 2450 1316 2530 qua

163 2537 204 2613 in
224 2554 335 2645 parte
354 2535 522 2664 collapsa
542 2536 683 2616 estant
703 2537 928 2630 imminuta,
946 2534 1182 2645 propensum
1198 2554 1315 2642 atque

163 2647 384 2757 benignum
408 2650 588 2728 animum
614 2648 752 2727 afferre
772 2649 880 2727 velit
940 2649 1078 2755 Siquid
1098 2648 1184 2727 est
1173 2675 1213 2725 1n
1236 2674 1316 2754 quo
1404 2725 1411 2732 .

162 2785 253 2839 mea
277 2788 410 2869 opera,
438 2759 548 2853 fides,
575 2761 780 2869 diligentia
806 2761 854 2840 ad
878 2761 1205 2868 composrtionem
1230 2759 1316 2839 usui
1399 2804 1404 2811 ·

163 2872 238 2951 elle
259 2872 388 2981 poffit,
409 2901 497 2951 eam
517 2900 679 2952 omnem
699 2871 810 2952 vobis
829 2872 1015 2981 profiteor
1031 2891 1147 2978 atque
1167 2868 1314 2950 desero

165 2986 277 3064 Deus
293 2983 413 3063 modd
427 2982 578 3094 aspiret,
593 2983 842 3092 faustumque
855 2985 927 3064 elle
937 2982 1088 3089 jubeat,
1101 2984 1209 3092 quod
1222 3010 1316 3063 curn

162 3097 318 3176 summa
339 3095 526 3176 felicitate
545 3097 737 3205 cursuque
758 3118 949 3206 perpetuo
966 3123 1098 3177 rerum
1113 3094 1316 3206 prospera-

164 3236 256 3289 rum
277 3208 476 3314 Majestati
496 3210 627 3289 vestrae
647 3228 806 3318 exopto.

199 3337 263 3413 Ex
284 3333 437 3414 Palatio
457 3334 573 3441 nostro
595 3331 910 3440 Westmonasterii.
933 3333 1011 3413 Die
1031 3336 1138 3440 Aug.
1167 3334 1214 3412 16
1219 3334 1286 3440 56.

333 3445 551 3551 Majestatis
570 3446 701 3524 vestrae
722 3445 1023 3524 Studiosrffimus

419 3557 611 3637 Olrberius
631 3559 832 3637 Protector
853 3556 1025 3666 Reipub.
1050 3557 1219 3664 Angliae,
1241 3559 1316 3636 &c

195 3814 396 3896 Oliverius
419 3819 619 3897 Protecior
637 3815 746 3924 Reip.
768 3816 939 3922 Angliae,
961 3815 1039 3896 &a
1064 3815 1283 3895 Ordinibus

623 3927 860 4007 Hollandiae.

165 4090 320 4170 Excelsr
334 4109 374 4169 et
387 4091 647 4198 Praepotentes
665 4090 849 4183 Domini,
866 4089 985 4168 amici
1000 4086 1230 4186 clrariffimi;

275 4215 569 4294 Emonstratum
593 4213 648 4292 est
672 4214 783 4293 nobis
807 4210 829 4291 d
851 4213 1028 4293 Gulielmo
1050 4216 1206 4322 Coopero
1231 4214 1319 4292 Pas-

304 4345 388 4405 tore
421 4324 652 4430 Londinerfi,
692 4323 777 4405 eivs
780 4354 857 4433 que
890 4327 1321 4434 nost10,Joonnemle

167 4436 300 4517 Moire
327 4437 694 4547 Amsterodomerffem
718 4438 895 4517 socerum
926 4439 1054 4531 suum,
1086 4457 1173 4517 ante
1202 4465 1322 4520 annos

167 4550 328 4630 circiter
357 4551 521 4658 triginta
544 4569 620 4630 tres
645 4551 838 4632 rationem
856 4551 1053 4658 quandam
1074 4551 1323 4658 excogitasse,
