2956 4980
163 225 243 306 282
388 211 552 307 Literae
577 208 771 306 Oliverii
797 210 1088 305 Protedoris.

158 391 292 470 omnia
316 390 473 470 Divinae
499 388 734 496 benignitati
762 417 806 468 ac
834 387 964 468 tutelae
986 382 1008 465 a
1032 413 1099 464 me
1122 383 1217 464 scias
1239 383 1310 463 esse

161 503 557 583 commendatissima.

197 632 261 707 Ex
282 628 436 707 Palatio
455 626 571 735 nostro
593 627 649 704 W
644 623 907 733 ssmonrrsterii.
928 625 1037 731 Aug.
1055 622 1114 703 die
1137 623 1188 702 16
1194 623 1260 729 56.

71 732 74 739 ’
356 738 648 848 Amplitudinis
670 736 813 815 Vestrae
835 735 1140 815 Studiofissimus

557 848 749 930 Oliverius
770 849 877 928 Prot.
901 849 1021 957 Reip.
1042 846 1216 954 Angliae,
1236 847 1306 924 doc.

163 1108 362 1189 Oliverius
396 1110 594 1189 Protecsor
626 1108 734 1217 Rerp.
770 1108 941 1215 Angliae,
973 1107 1052 1188 &a
1092 1105 1307 1212 Serenifflrno

218 1220 397 1331 Principi
431 1220 575 1301 Carolo
610 1221 785 1300 Gustavo
827 1222 1040 1313 Suecorum,
1095 1219 1306 1312 Gothorum,

221 1336 261 1413 V
254 1331 540 1460 andalorumqur
558 1332 668 1438 Regi,
690 1332 768 1414 &a

162 1494 406 1577 Sereniffime
427 1496 533 1588 Rex,
553 1493 679 1573 amice
699 1520 744 1574 ac
764 1493 969 1575 Foederate

433 1604 652 1686 charissime
666 1637 677 1701 ;

256 1732 342 1810 Um
358 1732 528 1810 eundem
549 1728 753 1808 nobiscum
768 1730 962 1824 animum,
976 1731 1084 1811 idem
1104 1728 1308 1811 confilium

284 1846 326 1921 in
346 1842 551 1948 Majestate
572 1842 709 1921 Vestrd
728 1842 845 1921 inesse
866 1844 1192 1937 animadvertam,
1214 1846 1311 1923 Pro-

161 1955 371 2062 trstontium
400 1954 494 2033 fidei
523 1951 774 2033 defendendae
799 1974 934 2034 contra
958 1954 1087 2036 hostes
1117 1955 1215 2062 ejus,
1239 1953 1313 2033 hoc

163 2087 356 2177 tempore,
373 2067 400 2146 fi
416 2093 590 2175 unquam
607 2063 715 2160 aliis,
731 2065 1005 2162 infestissimos,
1019 2068 1124 2148 unde
1136 2068 1195 2146 est
1206 2065 1312 2175 qubd

164 2199 244 2260 tam
261 2179 453 2289 prosperis
469 2178 698 2258 succeffibus
713 2178 847 2259 vestris
864 2181 1197 2288 vidoriarumque
1211 2207 1313 2258 nun-

165 2295 228 2374 tiis
248 2290 349 2402 pene
368 2293 544 2401 quotidie
565 2291 756 2384 laetemur,
774 2309 860 2370 tum
879 2293 978 2371 illud
995 2291 1081 2373 sane
1098 2291 1312 2372 vehemen-

165 2426 224 2486 ter
243 2405 373 2499 doleo,
394 2403 500 2512 qubd
526 2431 651 2482 unum
674 2403 849 2483 laetitiam
869 2403 970 2484 hanc
989 2405 1161 2484 nostram
1183 2402 1313 2483 turbat

165 2538 281 2626 atque
304 2517 537 2624 corrumpit,
565 2513 726 2624 perferri
752 2516 801 2596 ad
826 2544 911 2611 nos,
932 2519 1034 2596 inter
1059 2517 1143 2597 laeta
1162 2535 1312 2610 caetera,

165 2630 331 2708 vestram
355 2657 449 2706 cum
474 2628 681 2707 Fuderatis
709 2629 836 2735 Belgii
856 2629 1070 2710 Provinciis
1096 2631 1313 2708 amicitiam

165 2742 368 2851 pristinam
393 2767 471 2819 non
498 2738 583 2819 satis
607 2740 804 2836 constare;
837 2767 999 2849 remque
1026 2769 1074 2820 eo
1103 2742 1312 2821 dedustam

164 2857 266 2934 inter
284 2881 367 2947 vos,
382 2852 420 2931 in
438 2853 538 2931 mari
552 2851 763 2959 prasertim
783 2852 943 2946 Baltico,
960 2873 1003 2932 ut
1016 2854 1064 2933 ad
1079 2853 1313 2934 discordiam

166 2966 335 3074 spedtare
355 2967 545 3045 videatur.
583 2964 707 3069 Cujus
724 2963 852 3044 causas
868 2964 1030 3073 quidem
1052 2965 1233 3073 ignorare
1250 2993 1313 3044 me

165 3079 289 3159 fateor
303 3111 312 3173 ;
342 3097 527 3157 eventum
540 3097 644 3155 certe
660 3077 748 3182 (nisi
760 3079 871 3157 Deus
886 3079 1048 3186 avertat)
1063 3077 1313 3187 Protestanti·

165 3221 226 3270 um
240 3191 399 3270 summae
416 3192 472 3269 rei
492 3188 856 3298 periculofiffimum
870 3188 954 3269 fore
970 3189 1084 3270 facile
1105 3191 1313 3300 perspicio.

166 3307 417 3412 Qapropter
436 3331 507 3410 pro
528 3301 593 3379 illa
609 3302 815 3381 ardtiffimd
829 3303 1104 3382 neceffitudine
1119 3331 1207 3410 quae
1221 3331 1314 3382 cum

166 3416 337 3522 utrisque
366 3415 536 3493 vestrum
564 3411 676 3492 nobis
709 3415 927 3508 intercedit,
957 3443 1107 3524 proque
1139 3443 1202 3508 eo,
1234 3445 1315 3524 quo

165 3529 258 3606 duci
287 3554 423 3605 omnes
454 3525 652 3633 imprimis
683 3526 888 3620 debemus,
919 3526 1140 3634 Religionis
1168 3527 1316 3606 Refor-

166 3660 279 3719 matae
302 3639 429 3717 studio
454 3659 570 3745 atque
595 3666 744 3731 amore,
770 3638 946 3718 nostrum
975 3638 1047 3717 esse
1077 3639 1316 3732 censuimus,

164 3750 503 3861 quemadmodum
527 3749 738 3829 Foederatos
765 3750 892 3857 Belgii
916 3751 1074 3831 Ordines
1096 3753 1145 3830 ad
1172 3780 1315 3861 pacem

163 3885 203 3944 et
222 3864 553 3972 aequanimitatem
571 3881 808 3972 magnopere
823 3863 968 3942 hortati
983 3863 1129 3956 sumus,
1143 3864 1197 3943 ita
1210 3892 1316 3942 nunc

163 3977 414 4081 Majestatem
434 3977 599 4054 vestram
615 3973 776 4053 hortari.
818 3975 916 4055 Satis
932 3975 1124 4086 superque
1139 3974 1318 4057 hostium

163 4089 460 4196 Protrstantibus
479 4088 627 4195 ubique
648 4087 727 4166 est:
759 4115 964 4195 nunquam
983 4088 1198 4169 acrioribus
1214 4090 1317 4169 odiis

163 4200 396 4280 inflammati
419 4198 645 4309 conspirasse
670 4201 710 4277 in
735 4201 904 4279 exitium
933 4202 1107 4281 nostrum
1139 4201 1318 4310 undique

161 4313 357 4392 videntur.
406 4313 544 4391 Testes
559 4312 713 4421 Alpinae
722 4312 846 4390 Valles
861 4309 966 4392 haud
986 4315 1039 4393 ita
1059 4314 1215 4422 pridem
1236 4311 1318 4394 mi-

161 4428 332 4506 serorum
344 4426 445 4505 caede
460 4451 504 4503 ac
518 4422 702 4530 sanguine
718 4425 977 4530 redundantes
991 4457 1002 4519 ;
1035 4426 1141 4506 testis
1153 4427 1319 4535 Austria

158 4537 294 4619 edictis
319 4565 443 4646 nuper
468 4557 508 4616 et
532 4535 877 4646 proscriptionibus
903 4538 1080 4645 Caestrriri
1101 4539 1313 4634 concussa3
