2956 4980
277 289 442 387 Literae
467 285 662 386 Oliverii
687 289 977 385 Protedtoris.
1128 305 1178 385 28
1185 333 1206 414 5

62 712 264 792 Oliverius
290 713 489 794 Protenor
513 711 670 822 Reipub.
697 713 865 820 Angliae,
892 730 963 794 etc.
992 715 1123 795 Sereni
1156 745 1210 795 mo

288 825 464 935 Principi
480 825 684 905 Ludovico
709 826 845 905 Galliae
866 826 975 933 Regi.

60 991 302 1072 Sereniffime
320 995 424 1087 Rex,
441 993 567 1073 amice
583 1021 628 1072 ac
646 995 679 1073 F
680 993 849 1073 oederate

323 1102 560 1200 chariffime3

107 1228 230 1311 Nviti
253 1227 420 1309 facimus
447 1247 491 1308 ut
509 1228 760 1335 Majestatem
780 1227 960 1307 Vestram
980 1228 1028 1308 de
1049 1229 1207 1313 suorum

135 1339 287 1446 injuriis
343 1341 401 1421 ost
429 1368 567 1450 pacem
599 1340 847 1420 instauratam
877 1341 990 1420 toties
1021 1342 1208 1454 interpel-

57 1449 185 1532 lemus
204 1481 216 1532 ε
246 1481 387 1533 verum
406 1472 446 1532 et
464 1481 532 1533 vos
552 1451 670 1533 fadtas
690 1450 795 1531 nolle
815 1451 1065 1549 confidimus,
1082 1475 1121 1535 et
1138 1485 1207 1536 nos

57 1563 279 1645 nostrorum
309 1564 568 1673 querimoniis
591 1562 713 1642 deeffe
740 1591 818 1642 non
845 1563 1057 1673 possumus.
1118 1569 1208 1647 Na·
1267 1604 1272 1614 ·

57 1702 149 1756 vem
164 1677 369 1757 Antonium
386 1675 600 1787 Dieperfim
621 1693 709 1755 ante
723 1674 850 1755 foedus
862 1676 952 1781 jure
972 1697 1143 1786 captam,
1156 1708 1206 1759 ex

57 1787 251 1891 Judicum
270 1789 459 1869 sententia
480 1790 610 1868 Curiae
628 1787 989 1890 nostrae'maritimae
1003 1789 1208 1898 praefiden-

58 1902 161 1981 tium
191 1899 307 1982 facile
338 1901 500 1981 constat.
571 1900 667 2006 Ejus
698 1900 832 2009 praedae
857 1919 1010 2008 partem
1040 1925 1208 2010 quatuor

57 2012 183 2093 millia
201 2014 290 2122 plus
309 2015 440 2094 minus
459 2014 658 2094 coriorum
679 2012 863 2092 Robertus
879 2016 1033 2093 Brunus
1046 2017 1208 2096 Merca-

59 2142 119 2205 tor
139 2125 376 2232 Londinerfis
394 2126 443 2206 ab
462 2128 510 2206 iis
534 2127 604 2233 qui
626 2125 797 2204 audioni
824 2124 1074 2234 praefuerunt,
1101 2129 1208 2236 quod

58 2257 96 2318 et
115 2237 189 2346 ipfi
210 2239 407 2331 testantur,
428 2240 598 2319 coemit:
620 2265 670 2316 ex
690 2236 736 2315 iis
756 2238 912 2316 circiter
931 2237 1096 2318 ducenta
1113 2269 1206 2320 cum

59 2351 221 2458 Diepam
244 2352 402 2430 advecta
427 2350 513 2460 post
540 2370 662 2431 ratam
687 2375 825 2456 pacem
842 2350 1021 2429 Coriario
1048 2353 1207 2432 cuidam

59 2461 237 2570 Dirpetfi
256 2461 485 2544 vendidiffet
510 2462 798 2574 pecuniamque
826 2459 1042 2567 redegisset,
1068 2463 1113 2542 ed
1135 2492 1207 2572 pe-

59 2575 175 2655 cunid
205 2576 246 2653 in
277 2575 457 2656 manibus
489 2573 750 2684 procuratoris
781 2572 839 2651 sui
869 2593 1057 2682 occupata
1088 2595 1206 2683 atque

58 2679 222 2780 retenta,
243 2687 356 2767 litem
380 2687 449 2768 fibi
469 2687 654 2796 impingi,
675 2684 866 2792 suumque
886 2683 950 2790 jus
971 2687 1040 2765 illo
1060 2687 1101 2766 in
1120 2687 1207 2768 foro

58 2797 93 2879 se
113 2795 292 2879 obtinere
316 2827 396 2879 non
420 2798 524 2909 poffe
550 2798 740 2907 queritur.
803 2799 1001 2908 roirca
1021 2799 1208 2906 Majesta-

57 2930 138 2991 tem
155 2911 336 3013 Vestram
356 2912 576 3018 rogandum
594 2909 830 3004 censuimus,
855 2927 898 2988 ut
917 2909 964 2989 ad
987 2911 1207 2991 Confilium

56 3022 171 3103 suum
191 3025 240 3103 de
260 3052 300 3103 re
317 3042 397 3104 tota
415 3022 552 3104 referri
571 3022 678 3116 velit,
695 3022 983 3131 pecuniamque
1001 3022 1110 3102 illam
1130 3025 1208 3103 ini-

57 3136 239 3245 quiflima
255 3135 323 3217 lite
343 3137 541 3216 extricari.
600 3136 761 3214 Etenim
782 3135 809 3212 fi
828 3153 916 3213 ante
940 3161 1079 3243 pacem
1106 3133 1207 3216 fadta

57 3267 96 3328 et
107 3248 300 3353 judicata,
315 3249 401 3358 post
416 3277 555 3359 pacem
573 3246 700 3327 rursus
716 3249 755 3326 in
773 3246 1072 3326 controversiam
1090 3266 1206 3357 atque

50 3359 251 3467 judicium
270 3361 526 3455 vocabuntur,
543 3361 631 3467 quis
652 3359 698 3438 fit
717 3358 865 3438 fructus
882 3357 1075 3438 foederum
1096 3358 1204 3440 futu-

55 3470 136 3567 rus,
167 3501 244 3553 non
272 3474 464 3553 videmus.
524 3468 679 3552 Verum
709 3469 930 3577 hujusmodi
959 3473 1207 3578 querelarum

54 3585 189 3665 nullus
216 3585 304 3664 finis
330 3587 419 3679 erit,
445 3585 515 3664 nifi
543 3585 584 3663 in
610 3581 836 3690 foedifragos
867 3580 981 3662 hosce
1014 3603 1096 3664 tam
1126 3583 1206 3664 fre-

53 3716 220 3806 quentes
239 3697 473 3806 exemplum
497 3697 655 3804 aliquod
680 3694 889 3775 severitatis
909 3695 1061 3777 mature
1086 3698 1206 3778 statu·

53 3830 168 3890 atur:
200 3812 241 3890 id
261 3812 366 3919 quod
388 3809 586 3915 Majestati
606 3807 752 3888 Vestrae
779 3804 1079 3916 quamprimum
1106 3837 1207 3888 curae

52 3920 139 4003 fore
159 3922 380 4031 speramus3
406 3928 541 4032 Qam
562 3921 673 4001 Deus
693 3921 853 3999 interim
873 3919 994 3998 tutele
1013 3920 1079 4001 sua
1098 3920 1207 4000 sance

52 4034 198 4114 tiffima
217 4036 415 4142 dignetur.

53 4161 123 4239 Ex
144 4160 298 4238 Palatio
316 4160 432 4267 nostro
454 4159 510 4236 W
504 4155 768 4267 estmonasterii.

147 4270 226 4352 Die
247 4270 425 4380 Septemb.
448 4273 529 4349 An.
552 4270 599 4348 16
604 4271 671 4376 56.

283 4393 499 4502 Majestatis
516 4392 661 4473 Vestrae
680 4393 982 4474 studiofiffimus

305 4583 307 4587 Α
364 4505 556 4588 Oliverius
578 4506 778 4587 Protestor
799 4508 917 4617 Reip.
940 4505 1108 4612 Angliae,
1129 4509 1206 4588 dcc.
