2956 4980
177 252 253 308 102
563 217 689 312 Artis
716 218 901 346 Logicae
1108 216 1216 315 Lib.
1248 262 1285 314 1.

171 386 271 481 sunt,
300 406 430 467 tamen
463 391 556 498 quia
587 391 771 469 omnium
801 391 842 469 in
873 418 939 469 ore
967 390 1181 483 versantur,
1213 390 1321 498 quast

169 501 352 579 omnium
366 500 478 596 fiunt,
499 521 539 581 et
558 502 606 581 ad
620 529 835 583 commune
849 500 1120 582 testimonium
1134 499 1239 582 τεέὶὲ
1259 529 1321 581 re-

170 607 363 690 feruntur.

229 723 441 832 Proprium
461 722 731 803 testimonium
746 724 826 803 est:
857 742 903 803 ut
917 723 1088 804 Platonis
1101 723 1217 819 illud,
1240 752 1254 805 1
1272 726 1322 804 ad

173 833 435 946 eratrem:
466 839 596 946 Atque
613 834 675 916 ille
693 836 833 944 quidem
844 836 1020 945 princeps
1033 836 1175 943 ingenii
1184 855 1222 916 et
1237 836 1322 917 doc-

169 947 297 1040 trinae,
319 946 447 1041 Plat0,
468 967 546 1028 tum
565 947 715 1057 denique
726 949 821 1057 sore
842 947 970 1028 beatas
985 945 1129 1058 respub.
1145 949 1321 1057 putavit,

153 1057 199 1162 s
212 1073 282 1136 aut
299 1057 398 1138 dotti
407 1061 638 1169 etstapientes
656 1061 812 1141 homines
823 1088 885 1145 eas
897 1088 1024 1167 regere
1039 1059 1238 1171 coepiffent,
1252 1079 1322 1141 aut

169 1169 238 1277 qui
252 1189 438 1276 regerent,
458 1172 675 1276 omnestcum
681 1171 847 1281 studium
867 1171 906 1252 in
924 1172 1092 1254 doctrina
1110 1171 1320 1281 acsapicn·

168 1281 225 1360 tia
243 1281 477 1393 collocosent.

399 1468 517 1549 Talia
536 1469 684 1548 suntin
705 1470 845 1578 po'e'tis.
877 1468 1025 1551 AEneid.
1048 1471 1089 1550 6.

243 1593 599 1705 Dscitejuslitiam,
619 1596 750 1677 moniti
757 1628 772 1690 ;
802 1613 841 1676 et
858 1625 927 1677 non
946 1615 1104 1678 temnere
1122 1594 1242 1677 druos.

411 1795 475 1874 Sic
496 1793 704 1876 Homericis
722 1794 800 1874 illis
819 1795 1003 1875 vestibus.

222 1925 310 2021 Αἴας
329 1925 359 2008 l'
378 1928 417 2012 ἔκ
434 1927 633 2041 Σαλαμῖνος
647 1925 733 2032 ἆγεν
750 1926 953 2012 lvouooiltrcoo
971 1932 1063 2027 νῆας.

224 2038 384 2136 Στῆσεῖ
404 2039 498 2146 ἄγων
515 2040 553 2123 i'r'
565 2038 742 2137 ASnrooiur
758 2042 904 2124 ἵσταντο
922 2040 1127 2147 φάλαγγες,

221 2168 332 2278 &aar
351 2185 474 2248 autem
494 2197 539 2248 ex
560 2165 749 2247 Salamine
767 2165 878 2247 duxit
895 2165 1076 2248 duodecim
1094 2195 1225 2249 naves.

223 2278 421 2386 Constituit
437 2279 526 2360 vero
537 2279 685 2372 ducens,
700 2276 766 2357 ubi
773 2278 1048 2385 Athenierfium
1049 2276 1210 2388 stabant
1216 2279 1317 2390 pla-

333 2391 475 2497 langes,

222 2551 332 2629 Victi
358 2552 509 2632 suntin
534 2548 687 2656 judicio
715 2552 968 2659 Megarenses,
996 2580 1076 2661 quo
1100 2552 1317 2633 contende-

164 2679 255 2740 runt
278 2690 373 2742 cum
399 2663 683 2769 Athenierfibus
708 2663 757 2742 de
783 2664 969 2745 Salamine
992 2663 1129 2759 insula,
1158 2667 1317 2773 utrique

166 2771 268 2852 forti
288 2776 439 2855 civitati
457 2774 567 2883 aequc
587 2776 728 2854 vicina.

220 2887 354 2994 Atque
370 2885 452 2966 haec
468 2907 647 2967 veterum
662 2885 773 2965 fuere
789 2905 829 2966 et
843 2885 1062 2966 absentium
1077 2886 1316 2981 testimonia,

164 3014 203 3076 et
232 2995 313 3077 fero
343 3018 616 3094 mortuorum3
647 3026 734 3107 quae
757 2998 807 3077 de
829 2998 919 3104 jure
945 2998 1191 3107 potissimum
1218 2998 1318 3078 affe-

162 3128 313 3192 runtur.

219 3220 453 3299 Viventium
473 3239 512 3301 et
528 3219 788 3330 praesentium,
804 3248 891 3329 quae
908 3219 957 3298 de
976 3218 1079 3300 saito
1094 3219 1317 3330 plerunque

163 3330 363 3423 testantur,
381 3358 460 3408 non
479 3351 632 3411 tantum
648 3331 735 3413 sunt
749 3331 831 3412 cim
850 3331 1038 3442 quaeritur
1052 3329 1230 3439 desundo
1247 3354 1318 3414 aut

162 3442 259 3523 caede
277 3460 314 3521 et
333 3439 503 3548 eejscsmodi
525 3445 664 3552 negotio
686 3444 822 3553 als'quo,
837 3443 1041 3552 sedetiam
1066 3442 1317 3550 obligationis,

162 3553 392 3662 corsefflom’s,
401 3553 665 3662 jurisjurandi
678 3554 991 3664 testimoniastmt.

220 3664 487 3772 Obligationis
506 3668 740 3778 exemplum
760 3667 816 3747 est
836 3667 1005 3776 Philipp.
1025 3690 1064 3773 5.
1110 3666 1317 3764 Promitto,

160 3777 309 3885 recipio,
320 3775 491 3884 spondeo.
515 3782 566 3860 P.
586 3782 633 3860 C.
657 3778 840 3886 Caesorem
862 3780 973 3859 talem
982 3776 1237 3887 semperstore
1259 3780 1317 3860 ci-

160 3916 256 3981 vem,
280 3888 401 3997 qualis
424 3887 525 3969 hodie
538 3891 611 3995 st,
637 3892 848 4002 quallmque
873 3920 952 3971 eum
976 3889 1133 3970 maxim>
1156 3890 1255 3971 velle
1277 3911 1317 3970 et

159 4014 287 4107 optare
305 3997 481 4079 debemus.

217 4110 365 4217 Pignus
382 4110 493 4190 etiam
512 4110 683 4219 obligatio
702 4112 869 4222 quaedam
888 4112 963 4222 est:

387 4297 448 4375 Ut
468 4298 573 4404 apud
595 4296 734 4403 Virgil.
753 4297 839 4378 Ecl.
860 4324 898 4404 3.

218 4422 284 4499 Vis
302 4450 389 4527 ergo
408 4420 507 4500 inter
526 4449 589 4500 nos
606 4418 698 4529 quid
705 4421 810 4529 pofflt
830 4440 983 4530 uterque
1001 4420 1083 4501 vici
1115 4449 1153 4503 m

215 4531 502 4640 Experiamur?
528 4535 609 4638 Ego
628 4533 724 4612 hanc
742 4534 903 4613 vitulam
916 4531 1104 4643 (nesorte
1121 4530 1280 4638 recuses,
