2956 4980
274 269 301 346 4
306 269 356 350 32
560 220 851 320 Prolufiones
876 228 1112 321 Oratoriae.

268 404 436 483 candore
453 429 597 509 magna
616 398 718 479 mihi
739 399 950 508 pollicitus.
1010 400 1104 502 Jam
1120 398 1243 505 igitur
1265 399 1419 478 tandem

267 517 520 621 accingamur
546 513 594 592 ad
621 512 844 591 institutum
866 538 988 619 opus:
1020 530 1060 589 et
1087 509 1147 589 his
1175 512 1291 590 tantis
1317 511 1420 589 diffi-

267 626 478 706 cultatibus
503 627 591 704 Dea
615 626 702 702 Lua
728 621 852 730 (quod
878 625 932 702 ait
956 621 1122 730 Lrpstus)
1148 650 1213 701 me
1238 621 1421 702 soeliciter

266 738 463 848 expediat.
526 736 698 846 Qaestio
711 762 797 842 quae
816 732 927 813 nobis
939 732 1057 812 hodie
1070 736 1306 844 proponitur
1322 762 1419 813 enu-

267 849 427 928 cleanda
448 846 528 927 haec
549 848 618 940 est,
636 875 685 926 an
706 847 867 924 interitu
888 844 1090 950 cujussibet
1110 848 1165 924 rei
1184 847 1301 925 detur
1318 845 1420 924 reso-

266 961 367 1040 lutio
384 960 504 1067 usque
525 958 573 1038 ad
594 959 800 1038 materiam
820 958 1018 1066 primam?
1049 957 1170 1065 Qod
1190 958 1277 1036 aliis
1292 958 1419 1036 verbis

267 1073 318 1150 fic
345 1070 518 1181 proferre
548 1069 683 1162 solent,
708 1096 757 1147 an
782 1069 860 1147 ulla
883 1069 1098 1147 accidentia
1130 1097 1215 1177 quae
1242 1067 1355 1148 suere
1380 1071 1418 1146 in

267 1202 453 1291 corrupto
473 1200 656 1261 maneant
681 1182 801 1260 etiam
827 1182 868 1259 in
891 1182 1054 1288 genito?
1084 1178 1160 1259 hoc
1184 1179 1253 1274 est,
1282 1209 1331 1260 an
1352 1183 1419 1258 in-

268 1313 443 1374 tereunte
475 1292 602 1372 forma
633 1294 766 1371 omnia
798 1295 988 1372 intereant
1014 1292 1228 1372 accidentia
1260 1321 1349 1399 quae
1380 1296 1419 1370 in

267 1407 484 1515 composito
508 1406 824 1514 praeextiterant?
858 1405 1011 1511 Magna
1038 1404 1200 1511 quidem
1228 1405 1285 1483 est
1317 1407 1419 1483 inter

267 1520 414 1597 multos
445 1516 749 1624 haudquaquam
777 1514 930 1594 obscuri
961 1518 1131 1595 nominis
1158 1513 1420 1624 Philosophos

267 1628 341 1709 hac
362 1632 409 1707 de
423 1658 463 1708 re
477 1628 753 1708 sententiarum
769 1628 1046 1736 discrepantia;
1070 1626 1112 1705 hi
1128 1627 1210 1706 dari
1225 1628 1418 1733 ejusmodi

266 1741 542 1820 resolutionem
573 1741 814 1819 contendunt
852 1737 1054 1832 acerrime,
1091 1739 1150 1817 illi
1182 1741 1417 1847 neutiquam

265 1851 356 1931 dare
377 1852 480 1960 posse
502 1853 700 1931 mordicus
719 1850 959 1944 defendunt;
988 1848 1060 1929 hos
1081 1870 1124 1929 ut
1144 1849 1280 1957 sequar
1300 1852 1417 1931 incli-

265 1981 332 2042 nat
352 1965 519 2055 animus,
542 1963 589 2041 ab
609 1964 686 2041 illis
707 1981 750 2042 ut
770 1962 886 2069 longe
910 1959 1065 2069 late'que
1085 1961 1304 2041 dissentiam
1329 1983 1416 2043 tum

266 2075 413 2154 ratione
429 2075 632 2165 addudtus,
647 2075 704 2153 uti
720 2075 875 2182 opinor,
890 2093 976 2152 tum
996 2076 1114 2153 etiam
1134 2093 1335 2155 tantorum
1355 2077 1416 2153 vi-

266 2213 400 2265 rorum
432 2185 692 2264 authoritate:
734 2184 810 2264 hoc
842 2206 975 2264 autem
1006 2214 1085 2292 quo
1113 2189 1225 2294 paeto
1256 2187 1414 2294 probari

265 2320 394 2405 queat,
418 2299 615 2405 reliquum
636 2297 756 2376 estut
775 2297 969 2405 paulisper
988 2300 1262 2406 experiamur3
1293 2299 1415 2405 idque

266 2410 457 2489 succindte
473 2411 602 2516 quoad
618 2411 850 2517 poterimus,
863 2428 979 2516 atque
997 2413 1126 2516 primo
1146 2407 1251 2488 hunc
1266 2411 1306 2486 in
1324 2438 1416 2488 mo-

266 2521 377 2600 dum.
438 2521 477 2598 Si
498 2519 566 2600 fiat
586 2519 767 2612 resolutio
788 2521 835 2598 ad
856 2521 1069 2600 Materiam
1086 2522 1256 2628 primam
1278 2519 1414 2601 subin-

265 2629 390 2710 fertur
428 2631 518 2709 inde
557 2631 749 2711 essentiale
786 2631 885 2710 istud
925 2632 1103 2725 effatum,
1143 2660 1288 2739 nempe
1323 2663 1415 2714 eam

265 2771 469 2852 nunquam
489 2745 650 2852 reperiri
670 2744 831 2835 nudam,
857 2745 1027 2823 materiae
1050 2747 1185 2853 primae
1205 2772 1414 2852 perperam

263 2856 448 2949 attribui;
480 2875 686 2934 occurrent
714 2855 932 2948 adversarii,
961 2856 1036 2935 hoc
1062 2858 1206 2935 dicitur
1237 2856 1415 2964 respedtu

263 2964 412 3060 forma,
433 2995 572 3046 verum
592 2968 641 3046 fic
662 2967 832 3046 habento
849 2968 968 3046 Scioli
991 2968 1050 3046 isti
1076 2967 1220 3047 formas
1241 2966 1415 3048 substan-

263 3078 371 3157 tiales
397 3078 537 3157 nullibi
558 3080 738 3186 gentium
759 3080 919 3187 reperiri
938 3082 1034 3158 citra
1058 3078 1203 3158 formas
1229 3081 1414 3159 acciden-

261 3191 397 3269 tarias:
430 3189 493 3269 sed
517 3189 592 3269 hoc
614 3193 713 3283 leve,
745 3218 816 3269 nec
841 3190 958 3269 causae
983 3192 1199 3270 admodum
1219 3191 1412 3298 jugulum

262 3303 385 3409 petit;
407 3300 580 3381 firmiora
601 3301 661 3382 his
682 3301 900 3382 adhibenda
920 3300 1018 3381 sunt.
1055 3305 1189 3410 Atque
1211 3304 1413 3411 imprimis

260 3413 461 3492 videamus
481 3442 625 3522 ecquos
644 3412 856 3493 habeamus
877 3433 1054 3493 veterum
1075 3413 1410 3522 Philosophorum

262 3524 479 3601 nostrarum
492 3527 664 3632 partium
685 3524 876 3619 fautores;
900 3526 1185 3632 inquirentibus
1197 3553 1288 3605 ecce
1306 3529 1413 3605 ultro

259 3633 296 3712 se
322 3633 433 3713 nobis
458 3635 574 3713 offert
602 3636 684 3713 Ari
709 3637 1024 3744 arrharumque
1055 3637 1256 3715 leuiffima
1288 3665 1411 3716 manu

259 3746 418 3826 suorum
457 3748 716 3856 interpretum
748 3746 784 3825 se
812 3748 923 3827 nobis
956 3749 1222 3854 agglomerat:
1256 3750 1409 3858 quippe

257 3860 378 3938 velim
409 3860 635 3966 intelligatis
660 3860 885 3952 Auditores,
914 3860 996 3968 ipso
1020 3861 1119 3939 duce
1145 3879 1184 3940 et
1208 3857 1409 3940 hortatore

258 3971 455 4077 Arssotele
474 3973 618 4050 initum
640 3970 715 4051 hoc
744 3972 933 4078 praelium,
966 3991 1004 4050 et
1029 3973 1141 4051 bonis
1166 3973 1317 4065 avibus,
1351 3974 1409 4052 uti

258 4081 367 4191 spero
387 4082 641 4192 auspicatum.
703 4086 787 4188 Qui
807 4085 970 4190 quidem
992 4084 1031 4161 id
1056 4084 1185 4193 ipsum
1209 4084 1317 4190 quod
1338 4111 1410 4164 nos

256 4195 505 4288 arbitramur,
524 4196 685 4275 innuere
705 4195 874 4286 videtur,
896 4195 1071 4304 Metaph.
1090 4220 1129 4303 7.
1150 4192 1260 4276 Text.
1279 4196 1319 4274 8.
1339 4196 1408 4274 ubi
1458 4224 1460 4230 ·

256 4307 310 4385 ait
329 4306 590 4414 quantitatem
612 4306 742 4415 primb
763 4307 879 4385 inesse
901 4310 1094 4401 materiae;
1126 4305 1220 4386 huic
1245 4309 1408 4416 perinde

256 4417 452 4496 sententiae
472 4419 697 4526 quicunque
719 4415 991 4524 refragabitur,
1015 4417 1168 4527 possum
1193 4420 1252 4498 illi
1277 4420 1409 4499 dicam
