2956 4980
392 220 606 355 Epistola
635 222 912 319 Familiares.
1148 261 1226 347 397

77 398 170 478 tinio
193 396 396 506 promissos
416 396 490 475 esse
511 396 657 491 scribis,
681 417 844 505 propter
863 425 993 477 rerum
1015 400 1229 478 novitatem

79 509 297 589 avidiffime
346 508 577 588 roculdubio
595 512 872 617 expestantur:
904 538 1041 590 verum
1061 512 1230 591 auetori-

83 622 187 714 tatis,
212 640 279 700 aut
306 537 560 712 sismamenti,
587 620 634 699 ad
654 621 834 727 Mosaicos
854 620 994 701 Libros
1020 622 1229 729 adjungere

81 734 180 840 quid
196 732 338 840 possint
352 759 430 811 non
446 732 572 810 video.
633 732 807 812 Salutem
824 732 895 812 tibi
912 734 1037 813 reddit
1051 735 1230 844 Cyriacus

81 844 211 923 noster
230 871 352 950 quem
372 842 580 923 salutatum
602 843 770 924 volebas.
826 845 938 924 Vale

172 957 241 1034 W
228 955 492 1063 stmonasterto,
512 956 624 1060 Junii
647 979 668 1034 2
675 981 713 1062 5
742 957 788 1036 16
794 947 859 1065 5b

176 1380 237 1459 19.
270 1353 389 1434 Nobil
385 1354 489 1460 ifflmo
509 1354 757 1434 Adolescenti
779 1353 967 1434 Richardo
985 1355 1144 1462 Jonrfio.

90 1514 363 1704 PArantem
379 1542 443 1592 me
456 1514 575 1594 semel
589 1532 703 1622 atque
716 1514 860 1593 iterum
876 1515 925 1593 ad
936 1517 1134 1623 proximas
1150 1533 1233 1596 tuas

199 1627 349 1705 Literas
376 1625 596 1718 rescribere,
621 1625 744 1704 subita
764 1626 941 1732 quaedam
963 1629 1134 1734 negotia,
1159 1657 1229 1707 cu-

80 1735 254 1839 jusmodi
275 1766 362 1817 mea
383 1738 482 1831 sunt,
500 1757 544 1817 ut
563 1737 677 1830 nosti,
694 1756 992 1846 praeverterunt·
1014 1739 1143 1848 postea
1162 1768 1233 1818 ex-

87 1848 244 1928 currisse
271 1868 308 1929 te
330 1852 369 1929 in
390 1851 518 1929 vicina
541 1848 718 1955 quadam
742 1848 826 1928 loca
850 1851 1097 1945 audiveram3
1129 1879 1233 1932 nunc

88 1958 317 2040 discedens
308 1989 347 2038 ιη
364 1960 592 2069 Hybrrniam
609 1979 731 2038 mater
747 1979 812 2039 tua
831 1961 1148 2069 praestantissima,
1163 1990 1234 2042 cu·

81 2072 147 2177 jus
166 2072 323 2167 discessu
341 2093 505 2181 uterque
519 2071 697 2152 nostrum
716 2072 847 2151 dolere
864 2071 969 2152 haud
986 2074 1235 2154 mediocriter

87 2183 290 2277 debemus,
308 2212 399 2264 nam
419 2208 458 2264 et
478 2182 580 2264 mihi
594 2184 775 2263 omnium
796 2185 1123 2264 neceffitudinum
1146 2186 1235 2266 loco

89 2293 181 2390 suit,
206 2294 274 2375 has
298 2297 346 2376 ad
373 2314 410 2375 te
432 2297 581 2374 Literas
604 2294 684 2403 ipsa
710 2293 869 2402 perfert.
928 2296 995 2375 Tu
1016 2324 1108 2375 vero
1128 2298 1235 2403 quod

90 2409 138 2486 de
159 2437 250 2487 meo
270 2435 362 2515 erga
383 2427 420 2487 te
440 2407 566 2487 studio
585 2405 780 2514 persuasus
800 2434 854 2499 es,
877 2410 978 2485 reste
998 2405 1117 2501 sacis3
1143 2407 1236 2486 tibi·

90 2548 167 2627 que
189 2538 297 2599 tanto
316 2520 405 2628 plus
430 2518 552 2598 indies
576 2517 801 2627 persuadeas
821 2518 957 2611 velim,
981 2536 1128 2627 quanto
1147 2519 1236 2628 plus

91 2631 201 2711 bonae
219 2631 377 2725 indolis,
399 2631 585 2738 bonaeque
611 2628 733 2736 frugis
758 2631 797 2708 in
822 2648 859 2708 te
880 2630 968 2726 esse,
998 2628 1092 2710 facis
1111 2649 1156 2710 ut
1175 2631 1237 2709 in·

91 2744 283 2850 telligam.
345 2742 388 2822 Id
411 2742 516 2851 quod
534 2743 616 2821 Deo
629 2741 760 2833 dante,
781 2768 859 2820 non
878 2741 1002 2821 solum
1020 2744 1060 2821 in
1081 2759 1118 2821 te
1138 2743 1237 2822 reci-

92 2856 168 2963 pis,
191 2855 255 2934 sed
274 2854 380 2961 quafi
400 2880 475 2960 ego
497 2873 533 2932 te
557 2852 755 2961 sponsrone
780 2853 1017 2947 laceffissem,
1043 2852 1238 2933 facturum

92 2985 131 3045 te
157 2965 309 3045 satisdas
335 2985 452 3073 atque
476 2966 649 3056 vadaris;
681 2985 720 3043 et
740 2964 847 3044 velut
869 2964 1066 3069 judicium
1090 2967 1170 3073 pati
1199 2983 1240 3044 et

85 3078 308 3183 judicatum
340 3078 485 3156 solvere
519 3078 560 3155 ni
591 3074 723 3167 facias,
754 3104 831 3154 non
864 3075 1035 3156 recusas:
1066 3075 1239 3156 delector

91 3188 178 3269 sane
190 3187 265 3271 haic
279 3189 345 3267 tus
357 3188 404 3267 de
418 3187 623 3295 temetipso
640 3207 721 3266 tam
733 3188 836 3271 bons
852 3186 916 3295 spe
931 3220 941 3281 ;
970 3190 1035 3266 cui
1051 3214 1155 3267 nunc
1168 3187 1237 3266 de-

90 3300 165 3380 esse
178 3328 257 3380 non
268 3318 396 3409 potes;
412 3302 507 3408 quin
521 3300 634 3379 simul
647 3326 724 3378 non
738 3299 931 3407 promiffis
945 3299 1064 3378 modo
1073 3300 1148 3378 tuis
1161 3326 1239 3377 non

92 3412 245 3508 stetisse,
272 3414 554 3491 verumetiam
580 3411 851 3490 vadimonium
883 3410 963 3519 ipse
992 3431 1106 3490 tuum
1133 3409 1239 3489 dese·

90 3524 205 3604 ruisse
222 3524 388 3604 videare.
450 3523 572 3630 Qud
591 3523 722 3602 scribis
742 3550 820 3601 non
841 3522 1044 3632 displicere
1064 3523 1137 3604 tibi
1157 3525 1240 3603 Ox·

91 3636 226 3729 onium,
239 3664 290 3715 ex
309 3663 356 3714 eo
370 3634 571 3743 profecisse
592 3654 629 3713 te
650 3634 864 3743 quicquam
885 3655 952 3715 aut
967 3635 1241 3746 sapientiorem

92 3747 167 3828 esse
191 3747 354 3840 fastum,
380 3775 456 3826 non
485 3747 644 3827 adducis
664 3768 708 3826 ut
726 3748 908 3826 credam:
936 3749 975 3827 id
1000 3746 1101 3827 mihi
1124 3747 1241 3855 longe

91 3861 177 3939 aliis
204 3859 319 3939 rebus
344 3858 543 3938 ostendere
570 3858 741 3938 debebis.
796 3859 989 3938 Victorias
1010 3859 1241 3966 Principum

91 3998 187 4079 quas
201 3969 379 4049 laudibus
393 3969 511 4064 tollis,
524 3990 563 4048 et
582 3997 641 4048 res
660 3968 880 4075 ejusmodi
869 3997 909 4048 ιη
926 3969 1118 4075 quibus
1081 3997 1139 4048 vis
1151 3970 1241 4080 plu·

92 4085 242 4163 rimum
263 4081 402 4191 potest,
423 4083 547 4160 nolim
570 4100 606 4160 te
628 4078 925 4189 Philosophos
909 4106 993 4184 Jam
1016 4081 1240 4162 audientem

93 4195 213 4273 nimis
233 4194 430 4273 admirari.
492 4193 603 4302 Qid
623 4193 730 4272 enim
754 4219 993 4300 magnopere
1018 4193 1243 4273 mirandum

93 4305 163 4399 est,
190 4306 487 4384 fivervecum
476 4334 517 4384 m
542 4305 670 4383 Patria
697 4303 823 4383 valida
856 4303 1057 4386 nascantur
1083 4332 1242 4398 cornua,

92 4445 180 4524 quae
196 4417 310 4496 urbes
322 4438 362 4496 et
377 4415 521 4526 oppida
535 4418 695 4495 arietate
710 4416 964 4496 valentissime
980 4416 1146 4526 posfint?
1176 4416 1243 4494 Tu
