2956 4980
350 232 642 335 Prolufiones
668 241 908 336 Oratoriae.
1124 268 1207 362 449'

57 411 269 519 antiquum
302 440 454 508 meum,
487 431 526 493 et
556 442 768 524 parumper
798 417 1039 527 deposuisse:
1081 438 1148 499 aut
1180 420 1212 498 fi‘

58 524 156 630 quid
177 523 314 618 solute,
336 525 363 603 [ι
382 527 479 634 quid
499 527 742 606 luxurianter
767 529 918 608 dictum
946 532 1034 625 erit,
1055 533 1094 610 id
1116 533 1207 639 qui·

56 638 152 713 dem
179 664 259 715 non
283 656 458 716 mentem
484 657 523 716 et
552 639 725 717 indolem
753 667 898 735 meam,
924 641 987 720 [εά
1019 645 1207 752 temporis

56 749 252 826 rationem
282 765 322 827 et
354 750 430 827 loci
464 751 628 856 genium
660 749 762 829 mihi
794 751 1010 861 suggeffisse
1043 757 1204 863 putetis.

58 854 213 966 Itaque,
235 861 342 966 quod
374 860 497 939 hmile
525 860 647 940 solent
669 883 855 942 exeuntes
886 866 1095 974 implorare
1122 868 1207 945 Co·

57 972 196 1064 moedi,
219 972 258 1050 id
279 999 354 1079 ego
370 973 571 1082 inceptans
592 973 739 1081 flagito.
792 977 985 1072 Plaudite,
1007 998 1047 1058 et
1068 979 1202 1057 ridete.

522 1395 746 1496 Prolusm.

151 1637 360 1731 Aboranti,
373 1653 418 1715 ut
429 1636 597 1730 videtur,
611 1654 651 1716 et
668 1665 768 1746 pene
780 1640 978 1718 corruenti
998 1637 1206 1718 stultorum

180 1750 237 1827 rei
266 1748 441 1842 summae,
469 1749 654 1856 equidem
682 1749 915 1857 nescioquo
945 1752 1086 1829 merito
1114 1778 1205 1829 meo

55 1861 240 1939 Distator
260 1859 345 1938 sum
366 1880 529 1940 creatus.
588 1862 644 1938 At
662 1861 848 1968 quorsum
865 1865 967 1970 ego?
995 1889 1088 1941 cum
1108 1864 1205 1941 Dux

53 1972 137 2064 ille,
159 1991 199 2050 et
217 1972 493 2078 Antesrgnatus
523 1972 704 2050 omnium
726 1972 995 2082 Sophistarum
1015 1995 1054 2053 et
1073 1972 1207 2053 sedulb

54 2083 265 2163 ambiverit
287 2081 364 2162 hoc
388 2111 545 2177 munus,
566 2102 606 2162 et
631 2083 835 2163 sortiffime
860 2088 1033 2194 potuerit
1051 2086 1208 2164 admin-

54 2196 211 2288 istrare;
246 2195 311 2273 ille
341 2196 449 2274 enim
476 2196 676 2275 induratus
697 2197 819 2275 Miles
847 2197 894 2275 ad
919 2198 1206 2305 quinquaginta

54 2307 213 2416 pridem
230 2306 427 2416 Sophistas
444 2306 600 2385 sudibus
613 2306 821 2386 breviculis
833 2328 1000 2387 armatos
1014 2336 1082 2416 per
1094 2335 1207 2415 agros

55 2420 330 2499 Barwellianos
361 2419 512 2497 strenue
543 2419 672 2512 duxit,
704 2437 744 2498 et
773 2418 985 2499 obsessurus
1011 2419 1207 2528 oppidum

54 2529 144 2609 satis
178 2532 402 2610 militariter
431 2531 704 2637 aquaedudtum
733 2530 897 2635 disjecit,
928 2550 972 2610 ut
998 2559 1068 2640 per
1103 2531 1207 2609 srtim

55 2643 180 2750 posset
193 2643 410 2751 oppidanos
425 2645 472 2721 ad
484 2642 727 2721 deditionem
740 2669 898 2750 cogere3
920 2661 1063 2725 atvero
1076 2642 1206 2721 abiisse

54 2782 182 2862 nuper
207 2752 414 2834 hominem
433 2753 545 2832 valde
573 2753 702 2846 dole0,
724 2754 915 2861 fiquidem
941 2754 1022 2858 ejus
1048 2753 1207 2833 discessu

54 2893 127 2945 nos
154 2895 290 2946 omues
319 2864 517 2974 Sophistas
548 2892 626 2944 non
656 2865 780 2944 solum
807 2861 1004 2964 ἀκεφάλους
1030 2866 1206 2972 reliquit,

54 2976 120 3057 sed
140 2998 180 3058 et
195 2979 420 3057 decollatos.
480 2980 534 3056 Et
547 2974 630 3080 jam
650 2977 801 3084 tingite,
818 2977 1045 3069 Auditores,
1066 3005 1207 3083 quam·

55 3091 115 3168 vis
144 3118 223 3169 non
255 3090 326 3169 srnt
345 3088 496 3197 Aprilis
526 3088 723 3180 Calendae,
754 3087 849 3167 sella
878 3088 1001 3168 adesse
1032 3089 1205 3183 Hilario,

56 3203 175 3280 matri
192 3203 329 3280 Deum
342 3202 481 3293 dicata,
496 3200 557 3278 vel
576 3203 666 3280 Deo
684 3199 795 3278 Risui
811 3229 896 3279 rem
913 3201 1086 3278 divinam
1104 3200 1204 3279 fieri.

57 3313 203 3393 Ridete
228 3314 358 3419 itaque
387 3331 427 3391 et
458 3313 648 3420 petulanti
673 3310 803 3420 splene
836 3311 1020 3391 sustollite
1045 3310 1207 3391 cachin-

54 3452 169 3517 num,
185 3425 425 3532 exporrigite
440 3423 625 3515 frontem,
640 3441 681 3501 et
693 3424 803 3502 uncis
818 3424 1017 3531 indulgete
1034 3424 1204 3516 naribus,

55 3534 120 3613 [εά
142 3536 232 3614 naso
251 3537 405 3615 adunco
425 3562 473 3614 ne
494 3535 736 3644 suspendite;
759 3533 1018 3643 profusrffimo
1035 3535 1110 3614 risu
1130 3536 1208 3614 cir-

53 3646 289 3726 cumsonent
300 3649 449 3738 omnia,
466 3666 505 3725 et
524 3646 684 3726 solutior
704 3644 917 3726 cachinnus
932 3646 1073 3726 hilares
1088 3675 1208 3726 excu-

55 3760 127 3837 tiat
158 3757 390 3866 lachrymas,
431 3777 475 3837 ut
505 3759 552 3837 iis
582 3757 658 3837 risu
693 3756 889 3838 exhaustis
924 3787 973 3837 ne
1007 3759 1206 3865 guttulam

52 3869 220 3976 quidem
236 3869 377 3949 habeat
397 3870 509 3948 dolor
528 3870 605 3976 qul
626 3866 876 3977 triumphum
897 3888 1060 3948 exornet
1076 3868 1205 3948 suum.

52 3984 144 4089 Ego
157 3980 374 4090 profectost
390 4009 511 4088 quem
528 3980 644 4059 nimis
656 4006 769 4087 parce
783 3980 944 4058 diducto
958 3981 1056 4058 ridtu
1073 3981 1205 4061 riden-

55 4112 138 4172 tem
154 4093 408 4202 conspexero,
421 4093 551 4172 dicam
568 4119 661 4170 eum
678 4090 827 4170 scabros
842 4110 882 4168 et
893 4091 1057 4170 cariosos
1073 4092 1207 4172 dentes

52 4205 236 4311 rubigine
253 4205 457 4295 obductos,
478 4223 546 4283 aut
569 4204 753 4282 indecoro
776 4203 913 4281 ordine
938 4205 1206 4310 prominentes

53 4315 303 4409 abscondere,
317 4335 384 4396 aut
397 4317 497 4393 inter
510 4314 780 4423 prandendum
797 4313 915 4393 hodie
931 4315 981 4393 fic
996 4314 1207 4423 opplevisse

50 4429 267 4523 abdomen,
289 4448 333 4508 ut
362 4456 440 4507 non
464 4428 605 4506 audeat
634 4427 700 4504 ilia
727 4426 890 4505 ulterius
914 4425 1130 4506 distendere
1158 4426 1206 4506 ad

115 4567 137 4648 ς
617 4563 645 4616 c
670 4563 698 4616 c
