2956 4980
76 216 81 221 ’
162 253 241 334 312
382 215 543 311 Literae
570 211 763 310 Oliverii
790 215 1082 312 Proteotoris.

163 386 321 482 statum,
337 389 399 467 vel
421 389 589 468 nostram
610 416 703 495 erga
725 387 962 496 Ceffitudines
979 386 1124 496 vestras
1146 384 1307 464 benevo-

165 499 328 579 lentiam
341 500 592 606 studiumque
605 501 805 606 integrum
819 498 953 579 coram
965 525 1179 607 exponere.
1203 503 1307 605 Qa-

162 632 322 720 propter
337 610 444 691 hunc
460 632 504 692 ut
518 613 664 689 Virum
679 611 931 719 undiquaque
944 609 1305 719 praestantiffimum,

164 724 292 831 deque
314 725 417 834 Rep.
436 744 475 803 et
491 723 556 801 sud
568 741 607 801 et
623 721 750 801 nostri
765 724 917 831 optime
932 722 1123 800 meritum
1139 721 1308 828 accipere

165 835 397 914 redeuntem
421 836 548 913 velitis
577 859 785 938 rogamus:
826 835 936 914 srcuti
959 853 998 912 et
1021 859 1092 911 nos
1116 831 1306 910 veriflimo

166 946 385 1025 nostrarum
397 945 561 1025 laudum
578 944 800 1024 testimonio
820 965 1002 1025 ornatum
1019 944 1236 1022 abeuntem
1254 944 1309 1021 di-

167 1058 342 1137 misrmus
362 1085 484 1164 prope
505 1057 632 1135 inviti.
675 1057 786 1136 Deus
807 1057 854 1136 ad
872 1057 987 1165 ipfius
1002 1055 1174 1161 gloriam
1191 1054 1309 1133 eccle-

164 1167 300 1275 fiaeque
316 1168 535 1277 praefidium
554 1165 778 1247 Orthodoxae
791 1168 923 1247 vestris
936 1166 1050 1246 rebus
1067 1163 1306 1258 felicitatem,

163 1279 298 1358 nostrae
317 1281 498 1359 amicitiae
517 1280 821 1388 perpetuitatem
841 1278 1042 1359 concedat.

224 1405 279 1482 W
274 1403 466 1512 estmonast.
488 1432 533 1482 ex
552 1404 659 1482 Aula
678 1403 812 1511 nostra.

276 1515 354 1595 Die
374 1519 478 1596 Nov.
495 1518 576 1595 An.
604 1515 722 1620 1657.

552 1626 841 1706 Celsrtudinum
863 1625 1076 1706 vestrarum
1098 1625 1255 1707 studios.

166 1985 367 2065 Oliverius
400 1987 598 2065 Protebior
632 1986 740 2095 Reip.
775 1985 946 2092 Angliae,
977 2003 1048 2066 etc.
1084 1984 1248 2088 Excelfis
1274 2001 1306 2062 et

219 2096 520 2287 grffpgmibm
540 2098 711 2177 Dominis
731 2100 764 2177 F
765 2097 925 2177 oederati
947 2097 1077 2203 Belgii
1094 2094 1305 2185 Ordinibus,

163 2371 318 2451 Excelsr
338 2389 376 2449 et
397 2389 653 2479 praepotentes
674 2368 856 2461 Domini,
876 2370 995 2449 amici

264 2482 383 2561 nostri
403 2511 447 2561 ac
469 2481 664 2561 Foederati
685 2478 916 2574 chariffimi,

267 2605 428 2710 Eorgius
453 2606 659 2712 Duningus
678 2607 753 2684 Vir
780 2606 937 2698 nobilis,
958 2606 1070 2685 nobis
1093 2606 1150 2684 est
1175 2606 1305 2686 multis

293 2744 336 2795 ac
358 2717 471 2795 variis
496 2719 662 2823 negotiis
686 2716 839 2796 summai
862 2717 953 2809 fide,
974 2718 1167 2826 probitate
1186 2746 1232 2796 ac
1252 2717 1306 2796 so·

162 2827 273 2906 lertid
287 2827 508 2937 perspectus
522 2829 676 2934 jamdiu
697 2848 736 2908 et
755 2829 950 2936 cognitus.
1010 2831 1132 2922 Eum,
1148 2849 1194 2907 ut
1209 2829 1309 2937 apud

161 2967 229 3019 vos
258 2941 435 3019 Oratoris
463 2968 625 3019 munere
657 2938 858 3047 fungatur,
891 2941 1132 3019 mittendum
1158 2940 1308 3020 censui-

162 3078 265 3143 mus,
302 3052 568 3158 mandatisque
601 3050 738 3130 nostris
773 3050 1008 3159 ampliffime
1041 3051 1309 3131 instruximus.

163 3164 268 3240 Eum
294 3164 424 3270 itaque
444 3165 586 3254 amico,
607 3182 651 3242 ut
673 3163 936 3256 consuevistis,
957 3164 1090 3242 animo
1114 3164 1310 3272 recipiatis

162 3300 372 3379 rogamus;
403 3293 442 3353 et
467 3275 620 3381 quoties
648 3271 791 3353 habere
821 3274 857 3353 se
886 3274 1176 3381 fignificaverit,
1204 3275 1311 3383 quod

162 3384 292 3463 nostro
312 3387 472 3465 nomine
492 3384 665 3463 vestrum
684 3413 777 3464 cum
800 3386 962 3492 Excelſss
984 3384 1188 3465 Ordinibus
1207 3405 1311 3492 agat,

163 3494 289 3573 amice
308 3496 458 3588 audire,
480 3495 679 3603 fidemque
699 3494 909 3575 adhibere:
941 3517 980 3577 et
1005 3526 1091 3605 quae
1109 3492 1178 3575 uos
1198 3498 1314 3576 vicis-

164 3607 233 3684 srm
253 3607 580 3685 communicanda
601 3608 713 3686 nobis
733 3608 949 3701 censebitis,
966 3637 1012 3687 ea
1031 3607 1180 3700 omnia,
1202 3610 1314 3688 ficuti

163 3716 266 3797 redte
289 3718 461 3827 potestis,
492 3719 651 3824 perinde
672 3747 716 3799 ac
737 3719 764 3797 fi
785 3746 854 3797 nos
880 3719 950 3827 ips1
974 3748 1110 3799 coram
1129 3719 1312 3812 essemus,

162 3832 197 3908 ei
229 3831 478 3910 committere
505 3828 647 3908 velitis.
709 3831 774 3909 De
800 3850 938 3910 caetero
964 3831 1076 3911 vobis
1101 3830 1314 3939 vestraeque

163 3943 282 4049 Reip.
304 3943 351 4020 ad
381 3943 461 4020 Dei
481 3940 650 4047 gloriam
668 3941 912 4050 ecclefiaeque
936 3943 1154 4051 praefidium
1174 3941 1314 4022 secun-

162 4052 228 4131 das
249 4080 307 4131 res
326 4080 462 4134 omnes
482 4081 532 4131 ex
553 4054 685 4131 animo
705 4081 924 4162 precamur.

166 4179 222 4256 W
216 4175 356 4285 rstmon.
377 4204 422 4253 ex
442 4176 550 4254 Aula
568 4175 690 4283 nostra
710 4177 787 4257 Die
807 4176 982 4258 Decemb.

358 4290 439 4367 An.
461 4288 573 4366 Dom.
601 4289 720 4394 1657.

463 4398 752 4478 Celsrtudinum
772 4402 999 4481 Vestrarum
1022 4401 1314 4482 studiofiffimus

782 4515 988 4606 Oliveriur,
1010 4517 1084 4593 &c
