2956 4980
94 119 212 250 Cap.
237 158 275 240 3.
400 113 587 213 Plenior
613 114 861 212 Institutio
1141 155 1212 210 111

103 293 281 389 contra,
293 291 691 405 quadstmperfhffiam
711 291 773 400 ιβ,
785 320 993 372 necverum
1007 292 1123 401 potest
1136 294 1215 404 ιβι,

52 407 207 489 axioma
232 405 433 518 impaffibile
460 404 613 487 dict'tur.
674 406 738 483 Sic
764 406 885 484 etiam
915 407 1076 513 Aristat.
1110 407 1214 490 Phil.

54 528 91 601 ὃ.
119 544 185 599 ιι.

116 630 219 711 Haec
245 647 381 711 autem
407 627 707 709 immutabilitas
726 629 899 708 veritatis
926 628 967 705 in
993 629 1216 725 neceffario,

58 760 102 823 et
121 740 296 823 falfitatis
318 743 361 821 in
385 740 628 850 impoffibili,
649 741 698 820 ab
722 758 1050 846 argumentorum
1069 768 1155 847 quae
1175 744 1216 822 in

57 854 108 934 iis
134 852 395 963 disponuntur
425 854 488 933 vel
514 852 668 932 summa
697 852 959 944 consenfione,
987 853 1051 932 vel
1079 853 1217 933 infesta

57 964 215 1075 semper
228 965 455 1046 diffenfionc
475 964 633 1075 pendet.
694 964 784 1044 Pati
803 965 953 1044 ratione
974 964 1217 1047 mutabilitas

56 1079 145 1157 veri
164 1096 232 1156 aut
251 1076 335 1159 falfi
355 1077 396 1156 in
415 1076 663 1185 contingenti
682 1095 721 1155 et
740 1076 911 1185 poffibili
931 1104 981 1155 ex
1001 1077 1079 1156 levi
1098 1105 1217 1186 argu-

57 1207 291 1271 mentorum
310 1191 351 1271 iu
371 1190 419 1270 iis
432 1187 704 1299 dispofitorum
719 1187 965 1270 consenfione
982 1208 1049 1268 aut
1064 1189 1217 1271 diffidio

57 1300 307 1411 perspicitur.

117 1414 186 1493 Ex
204 1440 285 1521 quo
303 1413 479 1493 doctrina
506 1412 572 1492 illa
591 1428 761 1521 quatuor
788 1407 1052 1491 formularum
1079 1412 1216 1493 moda-

59 1524 181 1619 lium,
201 1524 332 1635 neceffe
349 1525 412 1635 ιβ,
431 1524 631 1632 impofflbile
656 1522 719 1630 ιβ,
740 1521 898 1631 paffibile
921 1521 983 1630 ιβ,
1009 1524 1219 1630 contingens

59 1636 125 1744 ιβ,
146 1633 268 1745 quam
296 1636 489 1717 inutiliter
513 1637 562 1716 ab
583 1634 740 1743 Arssat.
770 1634 991 1714 introducta
1016 1636 1075 1728 sit,
1102 1634 1217 1717 facile

59 1767 249 1859 apparet:
280 1767 339 1843 ut,
354 1745 810 1857 aeceffi’esthamiaemcffe
824 1746 968 1827 am'rnal
976 1778 989 1839 ;
1019 1748 1219 1857 impofflbile

60 1860 113 1968 ιβ
130 1858 305 1942 hominem
322 1860 388 1971 effe
406 1889 564 1969 equam
587 1857 744 1969 paffibile
762 1858 811 1967 ιβ
831 1860 1019 1939 Socratem
1038 1859 1103 1969 ιβι
1118 1861 1219 1943 divi-

59 1989 136 2053 tem
148 2002 163 2065 ,·
193 1971 405 2080 contingens
429 1971 478 2080 ιβ
504 1974 691 2053 Socratem
716 1969 784 2080 ιβι
807 1969 963 2051 datium.
1022 1973 1100 2052 Hae
1118 2002 1218 2082 qua-

62 2102 156 2165 tuor
173 2085 349 2165 modalcs
374 2083 665 2193 dispofitionem
690 2110 881 2192 purarum
901 2085 1219 2165 enuntiationum

61 2196 361 2305 quodammodo
381 2196 580 2277 afficiunt:
612 2223 710 2306 pura
728 2194 799 2290 est,
819 2196 929 2275 amnis
951 2196 1049 2276 ltama
1068 2197 1116 2303 ιβ
1134 2197 1220 2276 ani-

61 2308 146 2389 mal
153 2337 168 2400 ,·
200 2309 382 2404 modalis,
402 2308 533 2419 neceffe
557 2310 606 2418 ιβ
624 2336 757 2389 amnem
777 2307 950 2387 hominem
969 2306 1034 2416 affl
1051 2308 1197 2388 animal
1205 2340 1218 2401 ,·

62 2416 132 2501 hic
155 2448 291 2502 amnem
316 2421 488 2502 homiaem
514 2420 580 2530 ιβι
605 2420 757 2512 animal,
780 2418 872 2498 licet
897 2419 1047 2499 inverso
1067 2420 1219 2514 ordine,

64 2530 284 2640 subjectum
309 2533 366 2614 est
392 2533 671 2613 enuntiationis
703 2530 893 2626 modalis3
924 2531 1066 2612 modus
1092 2534 1222 2643 neceffi²

63 2644 121 2724 est
137 2646 406 2753 praedicatum.
443 2641 598 2724 Veriun
610 2643 708 2753 quid
723 2645 863 2723 attinet
877 2645 1080 2751 quomodo
1093 2667 1222 2754 partes

63 2757 277 2839 axiomatis
303 2759 406 2837 inter
432 2756 468 2837 se
494 2755 640 2837 affettae
666 2757 753 2848 fint,
774 2756 890 2861 lignis
910 2774 977 2835 aut
997 2755 1125 2836 modis
1150 2786 1221 2837 ex·

63 2869 253 2976 primere,
275 2865 370 2949 citm
388 2868 428 2948 id
447 2897 498 2948 cx
525 2869 767 2976 argumentis
793 2868 882 2975 ips1s
903 2869 943 2946 in
963 2896 1010 2948 eo
1031 2866 1220 2975 dispofitis

63 2978 184 3089 poffit
196 2980 338 3061 rectius
350 2980 534 3087 judicari,
548 3001 588 3061 et
601 2980 649 3060 ad
664 2978 735 3059 hos
749 2979 886 3059 modos
901 2979 969 3057 alii
982 2979 1220 3089 complures,

46 3091 196 3201 facile,
219 3091 378 3200 dffcile,
410 3093 603 3202 honestum,
630 3108 754 3199 turpe,
776 3094 851 3171 διε.
912 3092 1009 3172 Νοιι
1043 3090 1223 3174 inutilius

62 3203 212 3314 polimt
231 3204 419 3310 adjungi?

124 3317 327 3424 Equidem
358 3314 613 3408 secundarias,
634 3341 730 3422 quas
754 3333 896 3394 vocant
921 3314 1110 3409 modales,
1142 3319 1224 3427 pri-

63 3428 204 3506 mariis
223 3425 328 3509 hisce
347 3429 519 3537 potiores
537 3428 786 3507 existimem:
817 3425 960 3533 quibus
980 3426 1101 3534 vulgo
1121 3429 1224 3507 divi·

63 3538 218 3619 duntur
235 3540 523 3621 enuntiationes
539 3540 581 3619 in
597 3538 815 3645 exclastvas,
828 3566 996 3645 quarum
1016 3558 1116 3618 notae
1137 3540 1224 3622 sunt

46 3648 175 3757 salas,
194 3650 357 3746 tantam,
376 3650 579 3744 duntaxat,
601 3655 701 3743 ὅσω
733 3669 792 3743 ut,
802 3651 889 3754 sala
898 3651 999 3757 fides
1010 3651 1225 3758 justficat:

64 3763 298 3872 exceptaas,
318 3792 488 3873 quarum
519 3782 619 3844 notae
650 3762 738 3843 sunt
763 3780 926 3870 prater,
952 3780 1224 3872 praterquam,

65 3874 150 3978 affl,
171 3877 248 3956 &m
308 3877 384 3970 Ut,
404 3905 502 3956 nemo
523 3893 671 3986 prater
696 3892 733 3953 te
745 3873 881 3980 sapit:
912 3892 951 3953 et
980 3875 1224 3982 restridiuas,

66 4013 240 4094 quatum
250 4005 351 4068 notae
362 3988 450 4069 sunt
460 4017 548 4097 qua,
557 4004 751 4097 quatenus,
763 3983 896 4094 quoad,
899 3985 1116 4091 standum,
1123 3988 1224 4096 quid,

67 4101 147 4179 δα).
197 4100 272 4195 Ut,
292 4100 390 4180 hama
409 4130 483 4210 qua
501 4099 654 4191 animal,
659 4096 793 4204 statit.
846 4099 899 4176 Et
919 4099 1114 4179 exclusiva
1133 4101 1225 4207 qui-

68 4209 164 4291 dem
179 4211 236 4291 est
249 4211 314 4293 vel
332 4211 492 4317 subjecti
507 4210 570 4291 vel
590 4209 811 4320 praedicati:
843 4209 1018 4314 subjecti,
1031 4239 1117 4319 quae
1132 4212 1225 4291 noti

69 4322 267 4403 exclufivi
297 4323 514 4434 praepositi,
542 4322 718 4402 excludit
743 4321 877 4401 omnia
905 4321 1072 4426 subjecta
1103 4324 1177 4403 alia
1204 4321 1227 4402 ὲ
