2956 4980
192 204 334 353 Cap.
350 227 415 309 18.
514 212 702 311 Plenior
728 212 980 313 Institutio
1269 236 1292 341 ς
1298 257 1320 340 5

166 407 363 496 quatenus
382 390 502 470 relata
521 390 609 471 sunt
628 392 790 471 notione
805 393 970 500 Logica‚
988 420 1097 501 aeque
1113 413 1205 474 nota
1224 394 1325 490 sunt,

167 501 236 582 sua
257 520 390 582 tamen
406 503 556 598 natura,
573 524 690 612 prout
705 532 869 612 quaeque
886 505 954 598 est,
968 506 1030 584 vel
1045 504 1153 613 aeque
1165 507 1227 586 vel
1246 535 1325 587 non

166 612 278 720 aeque
298 613 386 693 sunt
404 614 633 710 manifesta3
665 616 899 695 diffentanea
914 617 1077 724 quidem
1092 617 1215 726 aeque,
1227 647 1324 698 con·

168 724 348 804 sentanea
368 753 446 805 non
466 725 589 834 aequie,
605 746 649 807 ut
661 727 746 832 jam
767 728 878 835 supra
899 728 954 807 est
973 729 1138 811 didum.
1192 731 1325 811 Debet

167 856 302 916 autem
322 838 360 916 ei
379 840 545 946 quicum
560 839 803 949 disputamus
818 859 1137 948 comparatorum
1157 843 1197 921 id
1217 844 1323 949 quod

167 950 299 1057 arguit
310 949 376 1029 sua
389 970 526 1029 natura
541 969 581 1030 et
596 951 823 1060 priusquam
839 954 1081 1061 comparatio
1093 954 1322 1049 instituitur,

167 1061 299 1141 notius
319 1060 393 1141 elle
420 1080 538 1170 atque
563 1063 750 1143 illustrius
777 1092 824 1142 eo
851 1065 958 1172 quod
983 1066 1185 1171 arguitur;
1214 1093 1322 1174 aeque

167 1174 278 1252 enim
293 1172 503 1254 obscurum
519 1172 620 1254 nihil
636 1194 830 1283 argueret.
891 1176 1009 1255 Unde
1026 1178 1195 1285 insignis
1211 1205 1322 1256 com-

166 1303 396 1393 paratorum
422 1285 511 1366 usus
534 1286 684 1380 elucet3
716 1315 797 1394 quo
823 1287 868 1365 fit
894 1306 938 1367 ut
965 1290 1163 1395 inaequalis
1189 1317 1321 1370 rerum

166 1398 307 1476 notitia
326 1399 629 1506 comparationis
649 1400 687 1476 vi
708 1401 864 1507 aequalis
886 1399 1081 1480 reddatur.
1142 1403 1206 1480 Sic
1224 1429 1321 1480 con·

166 1506 346 1588 sentanea
365 1511 414 1590 ad
434 1511 697 1620 probandum,
718 1510 951 1591 diffentanea
971 1511 1017 1588 ad
1046 1509 1319 1605 refellendum,

166 1642 393 1730 comparata
412 1624 460 1701 ad
481 1622 757 1702 illustrandum
777 1623 969 1730 aptiffima
989 1621 1089 1701 sunt.

223 1736 453 1841 Comparata
479 1752 603 1814 autem
622 1735 728 1843 saepe
761 1735 855 1814 notis
888 1733 1040 1814 brevius
1072 1733 1317 1828 indicantum

164 1844 362 1954 aliquando
376 1845 552 1955 partibus
564 1846 711 1955 plenius
726 1846 1017 1955 distinguuntur,
1030 1875 1113 1955 quae
1125 1848 1319 1956 proprfitio

164 1954 390 2067 redditiaque
408 1959 657 2037 nominantur.

220 2070 387 2177 Duplex
401 2098 495 2179 ergo
511 2070 567 2149 est
581 2069 885 2179 comparationis
902 2067 1053 2148 forma:
1086 2069 1204 2148 altera
1222 2096 1318 2149 con-

163 2184 299 2274 tracta,
315 2181 434 2261 altera
448 2183 657 2290 explicata.
713 2182 923 2261 Contracta
936 2180 992 2259 est
1009 2208 1095 2287 quae
1107 2209 1186 2259 uno
1198 2182 1317 2260 verbo

162 2293 426 2386 concluditur,
448 2312 491 2372 ut
519 2294 620 2372 infra
639 2321 725 2400 cap.
750 2320 817 2373 21.
879 2292 1102 2402 Explicata‚
1122 2320 1208 2399 quae
1228 2321 1317 2401 par·

162 2402 268 2483 tibus
288 2404 562 2512 distinguitur3
594 2402 798 2513 parte'sque
826 2404 903 2483 istae
928 2405 1201 2513 proposrtioet
1230 2405 1318 2483 red·

161 2514 262 2594 ditio
282 2518 549 2599 nominantur.
592 2518 808 2624 Proposrtio
825 2515 1006 2626 praecedit
1020 2515 1130 2624 saepe,
1145 2536 1184 2595 et
1200 2543 1317 2623 argu-

162 2648 347 2707 mentum
367 2628 446 2707 est:
479 2630 645 2708 redditio
666 2628 760 2737 saepe
785 2629 971 2735 sequitur,
992 2624 1125 2734 dstque
1150 2628 1190 2707 id
1210 2629 1316 2736 quod

161 2742 366 2846 arguitur;
399 2741 426 2819 fi
446 2741 552 2822 secus
572 2743 757 2833 occurrit,
778 2741 942 2819 inversio
962 2739 1032 2818 est.
1081 2741 1225 2818 Omnis
1246 2769 1316 2820 au·

162 2868 247 2930 tem
279 2850 409 2932 forma
442 2853 744 2962 comparationis
776 2856 987 2945 contracta,
1027 2850 1102 2929 suis
1140 2851 1316 2960 partibus

162 2964 354 3072 explicari
373 2965 513 3073 potest.

219 3077 350 3185 Atque
359 3077 497 3157 omnino
508 3091 723 3184 comparata
733 3072 844 3153 etiam
844 3073 946 3181 stela
957 3088 1126 3179 arguunt
1131 3068 1316 3181 fidlmque

146 3186 325 3294 faciunt.
1314 3243 1316 3246 -

218 3301 405 3406 Arguunt
424 3298 571 3378 scilicet
588 3324 673 3376 rem
693 3323 825 3374 veram
839 3326 849 3389 ;
881 3295 1018 3402 inquo
1034 3294 1179 3373 caeteris
1195 3321 1313 3402 argu-

159 3414 306 3490 mentis
321 3411 572 3521 praecellunt;
594 3436 680 3515 quae
697 3407 785 3486 ficta
800 3408 826 3486 fi
840 3408 941 3500 sunt,
956 3435 1041 3486 rem
1060 3405 1190 3484 fidiam
1210 3407 1312 3486 dun-

159 3542 269 3603 taxat
287 3542 456 3632 arguunt
471 3555 481 3618 ;
512 3541 557 3601 ut
577 3520 738 3599 materia
758 3518 862 3612 fida,
879 3519 1010 3599 fidiam
1027 3518 1115 3597 solis
1131 3517 1311 3598 domum.

158 3635 219 3714 At
243 3656 468 3746 comparata
496 3634 616 3713 etiam
646 3632 748 3724 fieta,
778 3660 855 3710 non
882 3631 946 3710 sua
972 3629 1135 3737 quidem
1161 3650 1311 3724 natura,

156 3745 223 3825 sed
242 3748 544 3856 comparationis
565 3746 619 3838 vi,
640 3772 699 3823 res
718 3772 825 3822 veras
845 3766 1015 3851 arguunt
1035 3739 1232 3849 fidquue
1252 3742 1311 3821 fa·

159 3860 286 3937 ciunt.

219 3970 455 4079 Comparatio
473 3969 521 4078 ast
540 3969 577 4048 in
596 3965 809 4077 quantitate
828 3964 893 4045 vel
906 3964 1100 4074 qualitate.

215 4083 421 4191 Quantitas
439 4083 488 4191 est
506 4110 580 4191 qua
598 4110 658 4159 res
676 4096 900 4186 comparata
919 4095 1071 4185 quantae
1089 4076 1280 4156 dicuntur.

218 4196 352 4306 Estque
371 4195 524 4303 parium
543 4193 609 4272 vel
630 4190 839 4299 imparium.
901 4190 998 4269 Non
1022 4189 1088 4268 hic
1107 4189 1310 4297 loquimur

156 4308 209 4386 de
227 4309 443 4416 quantitate
465 4303 591 4386 solum
612 4301 904 4395 mathematica,
922 4330 1008 4409 quae
1027 4300 1310 4409 magnitudinis

157 4418 215 4499 est
233 4438 302 4500 aut
325 4420 495 4512 numeri,
517 4417 581 4497 sed
607 4417 655 4495 de
680 4416 895 4522 quantitate
917 4415 1081 4523 Logica‚
1101 4440 1187 4520 quae
1211 4413 1310 4491 ratio
