2956 4980
102 244 220 377 Cap.
249 288 313 343 10.
412 246 601 345 Plenior
627 244 875 345 Institutio,
1146 286 1218 365 141

127 424 217 504 Cur
234 445 370 507 autem
389 456 440 508 ex
457 448 623 537 utraque
643 427 801 538 propria
820 422 915 506 clrm
940 452 1018 505 non
1042 448 1093 503 ex
1120 448 1227 507 utra-

64 564 150 646 que
177 539 418 647 particulari,
449 543 544 649 quia
574 568 717 649 nempe
745 538 827 620 haec
859 556 964 619 certa
989 538 1075 618 sunt
1107 557 1147 619 et
1179 541 1227 619 dc

66 648 213 729 eodem
232 650 353 745 dicta,
374 652 443 732 illa
461 681 575 761 vaga,
596 671 639 733 ut
644 651 787 760 suprd.

128 760 243 842 Hinc
263 764 402 872 liquet,
422 793 493 845 cur
513 786 557 845 ut
576 768 748 858 ax'ioma,
767 765 818 842 ita
839 761 1082 869 syllogismus
1105 760 1230 869 speci-

67 872 143 953 alis
161 874 204 953 in
220 877 496 984 particularem
514 896 553 957 et
573 879 781 986 proprium
801 875 924 953 dividi
944 901 1022 954 non
1042 873 1228 982 potuerit,

68 980 167 1065 clun
195 986 441 1098 syllogismus
466 991 647 1100 proprius
673 1016 751 1068 non
776 988 821 1067 fit
844 986 989 1096 species
1015 984 1228 1093 syllogismi

70 1095 265 1207 specialis.
326 1105 462 1212 Qare
482 1121 615 1182 autem
636 1120 764 1209 partes
784 1126 920 1179 omnes
940 1126 1018 1178 non
1044 1097 1116 1177 s1nt
1138 1125 1230 1206 pro-

69 1211 181 1319 priae,
204 1210 232 1288 i.
254 1238 290 1290 e.
311 1216 512 1294 axiomata
539 1215 711 1323 propria,
741 1210 839 1291 infra
864 1212 985 1289 etiam
1011 1209 1228 1318 apparebit.

69 1322 126 1401 Et
154 1321 402 1431 syllogismus
431 1328 594 1435 quidem
625 1326 822 1434 proprius,
857 1323 924 1401 etsr
954 1321 1002 1401 ab
1031 1321 1230 1428 Aristotele

70 1434 293 1541 neglestus,
313 1436 363 1516 ab
382 1438 467 1518 aliis
488 1437 650 1543 rejedlus
671 1439 731 1530 fit,
757 1435 870 1516 usum
892 1452 1022 1514 tamen
1042 1431 1227 1541 frequen-

69 1545 266 1626 tisfimum
287 1547 418 1628 habet.

47 1766 55 1781 ·
94 1658 298 1847 '‘Simplex
311 1660 608 1770 syllogffmusest
630 1663 844 1742 contradus
865 1656 1057 1766 partibus,
1082 1656 1149 1736 vel
1166 1685 1231 1735 ex-

110 1789 248 1850 reatus.

62 1784 95 1877 p
130 1882 351 1992 Arssoteles
367 1885 408 1964 in
429 1902 504 1964 tres
519 1882 662 1992 figuras
677 1883 819 1963 dividit
835 1880 1125 1989 syllogismum;
1148 1879 1230 1986 pri-

72 2019 200 2088 mam,
234 1996 458 2090 secundam,
491 2014 531 2076 et
565 1998 734 2077 tertiam.
801 1990 956 2073 Verum
986 1990 1087 2071 hanc
1117 1990 1235 2070 Rami

72 2103 364 2188 dichotomiam
396 2108 470 2189 esse
504 2109 818 2189 commodiorem
858 2124 898 2185 et
930 2124 1073 2184 naturae
1102 2102 1231 2182 ordini

73 2221 206 2328 aptius
226 2220 471 2330 respondere,
493 2248 551 2300 res
572 2222 651 2330 ipsa
671 2217 965 2299 demonstrabit.

136 2333 601 2443 Contrabsussyllogffmus
619 2332 681 2442 est,
702 2330 784 2412 crim
803 2329 1001 2438 exemplum
1019 2343 1092 2434 pro
1110 2354 1230 2433 argu-

72 2463 194 2524 mento
213 2444 269 2524 ita
275 2444 486 2553 subjicitur
533 2444 742 2525 articulari
756 2440 956 2553 quaestioni,
974 2458 1017 2519 ut
1036 2456 1233 2546 utramque

74 2552 155 2659 es‘m
176 2572 327 2665 partem
357 2464 568 2638 antecessre
595 2575 632 2637 et
661 2557 895 2668 affirmptione
916 2552 1142 2660 affirmatum
1167 2549 1233 2660 effe

75 2666 328 2776 intelligatur.

135 2780 326 2891 Exempli
346 2782 494 2888 gratia:
527 2781 692 2889 quaedam
717 2778 932 2887 cnfidentia
955 2776 1162 2884 estvirtus,
1190 2792 1233 2854 ut

76 2890 296 3081 gustantia.
349 2892 528 3000 Qaedam
547 2893 764 3002 confidentia
783 2922 851 2974 non
871 2891 919 3001 est
936 2891 1077 2981 virtus,
1098 2905 1142 2967 ut
1160 2916 1232 2966 au·
1259 2972 1265 2982 ,

101 3032 201 3084 acra.

136 3118 183 3195 In
206 3114 283 3209 his,
313 3133 357 3196 ut
383 3120 594 3211 cernimus,
624 3117 771 3227 primb,
800 3116 956 3224 quaestio
989 3111 1232 3221 particularis

76 3226 271 3309 duntaxat
284 3232 533 3337 proponitur3
551 3230 730 3337 generale
743 3230 865 3321 enim,
880 3246 923 3306 ut
937 3224 1154 3332 inquitAri
1180 3242 1230 3302 ot.

78 3366 140 3447 pr.
169 3366 203 3421 1.
225 3342 265 3419 6.
288 3360 327 3419 et
349 3366 388 3419 a.
410 3366 450 3448 7.
474 3344 513 3420 in
534 3341 607 3421 hac
628 3342 769 3451 specie,
794 3368 879 3449 quae
900 3340 1013 3418 tertia
1039 3336 1231 3414 nimirum

77 3452 200 3561 Arss.
224 3451 439 3560 figuraest,
468 3454 702 3533 concludere
727 3481 803 3532 non
825 3454 939 3543 licet;
971 3449 1071 3528 addo
1097 3449 1233 3541 etiam,

77 3588 208 3672 neque
229 3566 459 3673 proprium3
489 3594 576 3672 quae
596 3566 693 3644 ratio
713 3564 781 3658 est,
806 3592 876 3642 cur
898 3559 1141 3669 syllogismus
1161 3587 1232 3666 ge-

78 3677 222 3756 neralis
241 3703 321 3755 non
341 3704 390 3755 ex
410 3678 595 3758 omnibus
611 3675 856 3784 generalibus
873 3694 912 3753 et
928 3673 1134 3783 proprium
1155 3699 1234 3750 non

77 3816 129 3867 ex
160 3787 346 3867 omnibus
374 3792 542 3899 propriis
573 3789 772 3882 definitur,
799 3785 893 3867 clim
927 3787 967 3862 in
1000 3782 1074 3862 hac
1105 3783 1232 3892 specie

77 3898 317 4009 consequens
337 3900 412 3980 srve
427 3903 624 3982 conclufio
644 3900 783 3980 debeat
803 3900 954 4007 semper
968 3895 1041 3975 esse
1060 3897 1233 4003 particu-

76 4012 183 4108 laris,
206 4011 355 4092 etiamfi
376 4034 541 4122 utraque
560 4042 648 4123 pars
668 4014 930 4093 antecedentis
950 4009 1142 4117 generalis
1167 4027 1235 4087 aut

77 4124 238 4234 propria
259 4121 401 4205 suerit:
430 4128 533 4205 unde
557 4127 744 4236 sequitur,
775 4123 1024 4231 particulares
1044 4121 1233 4199 duntaxat

78 4237 311 4345 quaestiones
338 4238 379 4315 in
404 4238 478 4318 hac
502 4239 629 4348 specie
654 4237 849 4318 concludi.
909 4232 1066 4312 Deinde
1096 4260 1235 4310 exem-

76 4349 192 4456 plum
213 4347 377 4459 speciale
399 4378 470 4459 pro
490 4370 723 4459 argumento
750 4347 950 4455 subjicitur
977 4346 1052 4423 five
1077 4341 1235 4447 subjun-

76 4462 203 4569 gitur,
223 4480 268 4542 ut
287 4461 502 4572 constantia.
