2956 4980
259 188 339 288 296
481 171 645 267 Literae
671 165 866 283 oliverii
893 165 1190 272 Proteeioris,

302 615 502 697 Oliverius
524 619 722 698 Proteblor
741 614 849 724 Reip.
871 611 1043 721 Angliae,
1063 609 1143 692 &n
1167 604 1387 714 Serenffnu

563 729 741 838 Principi
756 726 868 809 Duci
884 723 1122 806 Curlandiae.

354 905 598 986 Sereniffime
619 907 830 1015 Princeps;

379 1028 702 1108 Ebenevolentia
727 1026 980 1107 Celfitudinis
1003 1053 1097 1135 erga
1126 1051 1199 1104 nos
1229 1023 1364 1104 vestre
1385 1041 1421 1105 et

406 1137 513 1234 alias,
546 1159 586 1219 et
613 1160 700 1220 tum
727 1139 891 1249 quidem
920 1139 1076 1219 abunde
1103 1135 1218 1218 nobis
1249 1132 1419 1216 constitit

270 1245 366 1330 cirm
400 1252 611 1333 Oratorem
648 1252 824 1332 nostrum
855 1252 904 1331 ad
935 1249 1135 1359 Moscovr'ae
1168 1248 1322 1329 Ducem
1353 1247 1421 1327 iter

272 1359 498 1458 facientem,
518 1366 618 1444 etin
638 1366 786 1444 ditione
807 1363 930 1443 vestra
950 1390 1020 1472 per
1038 1362 1191 1470 aliquot
1208 1357 1295 1439 dies
1313 1386 1420 1439 com·

273 1495 495 1556 morantem
514 1474 684 1586 hospitio
712 1474 883 1584 benigne
906 1473 1115 1584 accepisti:
1147 1499 1255 1552 nunc
1268 1470 1423 1578 justitia

273 1606 313 1666 et
342 1589 533 1695 aequitatis
562 1589 635 1668 suae
662 1587 768 1667 haud
797 1589 942 1667 leviora
971 1587 1116 1666 indicia
1138 1584 1323 1665 daturam
1354 1582 1423 1663 effe

276 1698 559 1780 Celsrtudinem
580 1701 744 1781 vestram
765 1719 804 1779 et
822 1701 959 1808 suopte
979 1699 1140 1805 ingenio
1155 1715 1197 1777 et
1211 1695 1346 1776 nostro
1365 1723 1424 1774 ro-

273 1829 368 1916 gatu
404 1812 655 1892 confidimus.
721 1813 829 1892 Cum
862 1813 971 1890 enim
1004 1809 1174 1918 Joannes
1207 1807 1426 1917 Jamesonus

277 1923 421 2016 Scotus,
442 1926 549 2003 navis
569 1923 768 2029 cujusdam
781 1923 912 2003 vestrae
928 1923 1137 2031 Magister,
1154 1919 1316 2000 fidelem
1332 1948 1426 2000 nau·

275 2033 371 2112 cleri
390 2063 552 2143 operam
567 2035 848 2145 septennioque
868 2034 1070 2142 cognitam
1086 2033 1196 2114 vobis
1213 2035 1426 2125 navaverit,

275 2145 392 2254 seque
409 2147 517 2227 illam
539 2175 679 2226 navem
700 2150 880 2229 Balenam
899 2148 969 2226 srbi
988 2145 1251 2239 commiffam,
1269 2144 1312 2223 in
1331 2144 1427 2226 ostio

277 2256 467 2354 fluminis,
483 2280 527 2340 ut
542 2288 628 2340 mos
644 2260 714 2355 est,
732 2260 999 2340 Gubernatori
1014 2260 1139 2340 vestro
1152 2256 1429 2367 appellendam

277 2371 318 2450 in
343 2391 502 2481 portum
528 2372 752 2466 tradidisset,
780 2400 952 2480 eumque
972 2369 1156 2482 imperiti:
1176 2370 1245 2449 suo
1264 2395 1427 2449 munere

278 2481 512 2589 fungentem
526 2486 633 2592 quod
649 2483 775 2564 solum
791 2487 921 2594 potuit
936 2483 1069 2593 saepius
1084 2480 1276 2563 monuiffe
1294 2481 1429 2561 multis

279 2593 439 2674 testibus
461 2596 697 2704 probaverit,
715 2624 791 2675 non
808 2596 890 2702 ejus
904 2595 1082 2706 profesto
1101 2594 1232 2703 culpi,
1254 2592 1320 2673 sed
1341 2595 1428 2672 Gu-

278 2704 492 2786 bernatoris
518 2707 581 2787 vel
606 2709 804 2818 imperitia
833 2709 896 2788 vel
919 2711 1137 2818 pervicacia
1164 2705 1332 2786 fractam
1357 2704 1429 2784 eise

278 2846 421 2898 navem
452 2820 600 2899 nemini
632 2849 711 2900 non
744 2821 882 2930 liquet.
945 2822 1068 2934 Qod
1102 2847 1196 2900 cum
1227 2819 1281 2906 ita
1314 2817 1375 2912 fit,
1409 2814 1431 2896 *a

282 2931 523 3013 Celsrtudine
550 2933 671 3012 vestra
698 2933 888 3039 majorem
917 2933 958 3011 in
981 2933 1148 3013 modum
1176 2931 1365 3040 petimus,
1389 2949 1433 3009 ut

278 3041 497 3153 supradicto
516 3045 667 3152 Joanni
682 3045 877 3152 Magistro
897 3072 1025 3153 neque
1051 3045 1150 3123 illud
1174 3041 1430 3150 naufragium

149 3206 158 3215 ·
281 3156 492 3265 imputare,
513 3184 641 3266 neque
668 3185 761 3236 eum
785 3157 933 3237 idcirco
958 3157 1152 3267 stipendio
1177 3154 1311 3235 debito
1336 3155 1433 3235 velit

281 3268 456 3376 privare3
488 3268 598 3374 cujus
623 3258 688 3379 'spe
712 3267 805 3362 soli,
825 3268 908 3372 jam
933 3269 1056 3349 altero
1087 3266 1292 3375 naufragio
1316 3268 1434 3351 bonis

280 3380 465 3459 omnibus
484 3381 642 3475 amiffis,
663 3380 699 3459 se
720 3400 921 3489 utcunque
941 3380 988 3460 in
1001 3400 1180 3462 extrema
1198 3379 1335 3489 inopia
1355 3378 1435 3459 sus-

280 3491 379 3571 tinet
398 3512 438 3572 et
457 3490 613 3572 solatur.

366 3618 429 3696 Ex
448 3616 557 3695 Aula
574 3614 696 3723 nestra
717 3617 771 3694 W
767 3614 1037 3724 estmonasterio,

477 3727 533 3808 die
557 3727 702 3808 Martii
715 3758 779 3810 an.
807 3729 926 3836 1657.
