2956 4980
390 206 603 342 Epistolae
631 208 909 308 Familiares.
1152 254 1231 334 399

240 690 305 744 21.
339 664 571 770 Ornatt'fflmo
594 664 684 743 Viro
704 665 889 743 Emerico
910 665 1082 772 Bigoti0.

188 827 282 905 Uod
303 828 343 904 in
357 825 537 930 Angliam
555 823 760 929 trajicienti
774 824 847 902 tibi
863 825 1004 931 dignus
1019 825 1105 906 sum
1119 828 1235 920 visus,

214 966 334 1046 quern
358 957 497 1046 praeter
521 955 676 1014 caeteros
702 934 906 1016 visendum
929 938 1088 1018 duceres
1113 958 1152 1019 et
1178 941 1236 1020 sa·

85 1048 308 1143 lutandum,
326 1048 401 1129 fuit
422 1048 508 1126 sane
526 1045 626 1125 mihi
646 1067 685 1126 et
706 1047 848 1127 merito
869 1050 1033 1156 quidem
1053 1072 1233 1157 gratum3

86 1162 194 1267 quod
215 1190 285 1270 per
301 1162 452 1240 Literas
473 1179 580 1238 tanto
606 1161 726 1238 etiam
750 1161 954 1239 intervallo
980 1189 1085 1241 nunc
1107 1164 1237 1244 denuo

86 1271 240 1366 salutas,
259 1274 298 1353 id
318 1273 517 1380 aliquanto
534 1269 611 1350 fuit
630 1272 791 1379 gratius.
852 1272 1011 1351 Poteras
1028 1276 1135 1353 enim
1155 1277 1237 1383 pri-

86 1383 157 1462 mo
177 1385 346 1464 aliorum
366 1383 528 1464 fortaffis
548 1385 733 1490 opinione
754 1383 892 1462 ductus
916 1385 963 1463 ad
991 1412 1055 1462 me
1080 1386 1236 1480 veniffe,

87 1523 159 1603 per
178 1498 329 1576 Literas
350 1524 453 1576 nunc
481 1495 621 1587 redire,
648 1496 717 1574 nisr
737 1496 897 1602 proprio
914 1496 1066 1600 judicio
1085 1497 1147 1576 vel
1167 1498 1238 1578 sal·

87 1628 171 1686 tem
200 1608 472 1688 benevolentia
502 1607 698 1699 reduetus,
719 1609 786 1685 vix
807 1626 972 1716 poteras.
1033 1607 1153 1688 Unde
1182 1609 1238 1688 est

88 1718 192 1812 sane,
210 1739 254 1800 ut
273 1721 376 1829 polle
392 1720 524 1797 videar
537 1719 625 1824 jure
642 1717 742 1797 mihi
759 1719 969 1823 gratulari:
993 1720 1110 1799 multi
1129 1722 1237 1801 enirn

88 1830 239 1939 scriptis
251 1833 365 1912 editis
378 1832 557 1923 floruere,
570 1831 840 1937 quorumviva
853 1859 932 1910 vox
948 1850 987 1910 et
1000 1832 1238 1913 consuetudo

89 1943 319 2049 quotidiana
342 1942 443 2022 nihil
472 1941 553 2020 fere
581 1941 749 2050 praetulit
778 1968 856 2021 non
885 1942 1094 2023 demiffum
1122 1963 1240 2053 atque

90 2055 276 2161 vulgare:
298 2082 374 2162 ego
394 2054 421 2133 sr
441 2055 481 2133 id
501 2053 645 2161 affequi
660 2053 828 2160 polium,
844 2054 1018 2161 utfiqua
1030 2058 1241 2137 commode

92 2165 238 2276 scripfi,
254 2167 301 2246 iis
320 2196 390 2276 par
406 2167 538 2245 animo
558 2193 601 2244 ac
617 2164 793 2245 moribus
814 2165 886 2244 effe
907 2167 1062 2260 videar;
1085 2187 1124 2246 et
1143 2195 1242 2277 pon·

92 2279 166 2357 dus
182 2279 263 2387 ipse
279 2277 428 2387 scriptis
442 2277 641 2370 addidero,
655 2296 694 2355 et
706 2277 863 2356 laudem
876 2277 1054 2370 viciffim,
1071 2299 1242 2385 quantu-

92 2390 286 2498 lacunque
306 2419 351 2469 ea
371 2390 440 2482 est,
456 2418 504 2468 eo
525 2408 656 2468 tamen
671 2388 859 2493 majorem
879 2388 927 2468 ab
943 2388 1031 2496 ipfis
1045 2390 1240 2471 retulero:

93 2529 188 2580 cum
209 2505 360 2581 redum
381 2519 420 2581 et
436 2501 630 2581 laudabile
651 2500 758 2607 quod
781 2500 850 2592 est,
875 2500 915 2578 id
939 2528 1016 2578 non
1043 2503 1169 2608 magis
1193 2504 1242 2582 ab

94 2612 343 2693 Authoribus
359 2612 673 2722 praestantiffimis
689 2610 888 2719 accepiffe,
902 2640 1021 2719 quam
1038 2613 1086 2692 ab
1103 2614 1244 2695 intimo

94 2724 202 2803 sensu
223 2727 365 2805 mentis
392 2744 509 2833 atque
534 2725 657 2803 animi
680 2723 925 2831 depromfilse
951 2753 1097 2832 purum
1128 2745 1244 2833 atque

95 2836 288 2916 fincerum
308 2836 483 2916 videbor.
544 2837 609 2915 De
630 2864 717 2915 mea
737 2837 859 2940 igitur
878 2838 1000 2914 animi
1021 2838 1243 2944 tranquilli·

95 2967 173 3026 tate
193 2950 233 3026 in
254 2946 329 3028 hoc
350 2967 458 3027 tanto
481 2948 644 3026 luminis
667 2949 903 3025 detrimento
929 2948 1055 3055 deque
1084 2977 1172 3027 mea
1203 2950 1243 3028 in

94 3060 337 3168 excipiendis
352 3061 493 3139 exteris
504 3058 731 3138 hominibus
744 3061 928 3137 comitate
941 3087 985 3138 ac
1001 3059 1141 3153 studio,
1155 3088 1245 3168 per-

96 3170 248 3250 suasum
271 3172 342 3250 tibi
365 3171 439 3250 else
468 3172 632 3276 gaudeo.
695 3172 919 3249 Orbitatem
948 3190 1052 3249 certe
1083 3172 1244 3251 luminis

96 3282 236 3389 quidni
264 3284 402 3362 leniter
421 3280 561 3374 feram,
581 3282 687 3390 quod
711 3310 789 3360 non
816 3300 895 3361 tam
920 3281 1099 3360 amiffum
1124 3311 1245 3390 quam

97 3413 324 3474 revocatum
348 3395 452 3472 intus
479 3413 595 3501 atque
622 3397 846 3488 retractum,
868 3393 914 3471 ad
936 3395 1151 3473 acuendam
1173 3421 1245 3503 po-

98 3505 175 3586 tius
206 3507 350 3586 mentis
380 3508 504 3585 aciem
537 3533 657 3612 quam
689 3506 738 3584 ad
768 3502 1043 3599 hebetandam,
1077 3505 1243 3616 sperem.

100 3623 197 3728 Qo
225 3616 282 3711 fit,
309 3637 353 3697 ut
377 3645 503 3724 neque
524 3617 666 3695 Literis
693 3617 843 3710 irascar,
864 3645 936 3696 nec
960 3645 1094 3696 earum
1120 3618 1246 3699 studio

98 3730 255 3837 penitus
274 3730 547 3822 intermittam,
565 3729 714 3807 etiamsi
734 3757 798 3807 me
821 3749 902 3808 tam
925 3730 1027 3808 male
1052 3730 1246 3809 multave-

98 3841 201 3920 rint:
234 3842 443 3921 tamenim
464 3839 638 3919 morosus
659 3868 706 3917 ne
727 3840 812 3932 fim,
834 3839 1017 3948 Mysorum
1033 3841 1155 3946 Regis
1174 3839 1246 3921 Te·

97 3954 198 4061 lepti
224 3953 360 4032 saltem
392 3951 624 4060 exemplum
662 3951 828 4043 erudiit;
862 3952 931 4059 qui
962 3979 1008 4030 eo
1040 3952 1134 4043 telo,
1167 3980 1248 4060 quo

97 4065 321 4146 vulneratus
338 4065 407 4158 est,
421 4064 541 4144 sanari
559 4063 686 4170 postea
704 4090 781 4141 non
794 4061 995 4141 recusavit.
1058 4065 1180 4174 Qod
1199 4064 1248 4144 ad

100 4177 217 4256 illum
248 4177 416 4256 Librum
445 4176 493 4254 de
523 4175 643 4253 modo
673 4174 830 4253 tenendi
852 4174 1097 4253 Parlamenta
1126 4203 1248 4281 quem

99 4289 205 4396 apud
226 4308 263 4368 te
284 4287 416 4379 habes,
438 4286 518 4393 ejus
538 4286 733 4393 designata
757 4287 842 4366 loca
861 4315 910 4365 ex
932 4286 1081 4366 Codice
1102 4287 1249 4367 Claris-

100 4400 188 4479 fimi
201 4401 291 4480 Viri
312 4399 480 4479 Domini
493 4397 729 4503 Bradsciavt',
747 4426 817 4477 nec
838 4427 915 4478 non
932 4428 981 4478 ex
996 4399 1143 4478 Codice
1159 4403 1250 4480 Cot·
