2956 4980
351 221 515 316 Literae
536 225 728 317 Senatus
754 221 1023 354 Anglic'ani
1183 266 1257 320 221

128 398 341 505 uriamque
361 399 649 480 Ammiralatus
673 399 721 478 ad
745 429 865 508 quam
889 400 1048 511 proprie
1073 403 1138 481 de
1146 402 1267 481 causis
1344 490 1347 497 .

128 509 1264 621 tujusmodiattinetcognoscereilliuscausaecognitionem

128 650 179 702 ro
197 622 288 729 jure
315 623 386 702 fibi
409 623 629 732 sumpsrffe;
662 624 730 702 ubi
754 625 894 733 singuli
918 627 1037 734 partis
1061 626 1264 733 utriusque
1318 674 1320 678 >

128 761 284 842 ,uorum
297 734 339 815 id
354 735 510 815 interest
524 736 710 844 ampliter
721 757 760 814 et
774 736 895 817 libere
907 737 1115 816 audientur
1123 737 1264 845 jusque

128 874 224 931 uum
255 846 421 956 quisque
452 847 670 927 obtinebit:
703 848 834 928 vestrae
866 847 982 957 porrb
1010 849 1266 928 Excellentiae

128 976 293 1066 ogatum
312 959 361 1038 ad
381 959 487 1040 illius
508 960 640 1038 Curiae
654 959 805 1065 judices
827 961 1003 1040 misrmus
1018 989 1100 1069 quo
1119 957 1264 1040 certibs

128 1071 380 1178 utelligamus
396 1072 599 1180 quousque
620 1072 667 1150 iis
689 1071 738 1150 de
758 1072 922 1153 navibus
942 1075 982 1151 in
996 1072 1149 1178 judicio
1171 1101 1264 1181 pro-

128 1182 302 1265 efferint.
362 1184 483 1294 Qod
511 1185 624 1263 fimul
649 1211 693 1262 ac
718 1184 828 1264 nobis
847 1204 1099 1293 compertum
1120 1186 1195 1263 erit
1219 1212 1265 1263 ea

128 1294 197 1374 lari
230 1295 414 1375 mandata
441 1294 515 1375 hac
545 1296 593 1375 de
619 1323 659 1374 re
683 1296 907 1377 curabimus
931 1324 1017 1403 quae
1043 1317 1083 1376 et
1109 1324 1265 1403 aequurn

130 1407 200 1499 rit,
232 1424 273 1485 et
303 1407 350 1486 ed
374 1408 542 1514 dignum
575 1408 749 1488 amicitii
777 1436 863 1515 quae
892 1406 985 1487 huic
1020 1407 1267 1515 Reipublicae

128 1545 204 1597 :um
237 1519 350 1626 Rege
375 1520 501 1599 vestro
529 1520 748 1614 intercedit,
777 1547 848 1600 nec
873 1517 1004 1599 minbs
1031 1519 1267 1598 confidimus

128 1630 286 1738 legiam
300 1631 383 1737 ejus
399 1631 649 1737 Maiestatem
666 1631 833 1712 minime
850 1631 1047 1741 passurum
1061 1631 1134 1710 else
1151 1629 1266 1734 hujus

128 1741 359 1851 Reipublicae
379 1742 553 1823 hostium
573 1744 675 1823 bona
696 1743 764 1823 sub
784 1745 945 1824 nomine
966 1744 1048 1850 ejus
1073 1742 1265 1847 subjecto-

129 1881 198 1934 um
220 1854 324 1934 elabi
343 1874 411 1935 aut
429 1855 669 1936 delitescere.

191 1967 315 2048 Datis
325 1966 375 2047 ab
386 1966 494 2048 Alba
505 1968 629 2061 Aule,
650 1993 691 2045 11
714 1966 894 2047 Novemb.
909 1970 990 2046 An.
1006 1969 1117 2048 Dom.
1143 1968 1190 2045 16
1196 1991 1263 2072 5²·

356 2078 585 2190 Subscripsit
604 2098 642 2158 et
664 2079 836 2157 Concilii
859 2079 1043 2185 Sigillum
1063 2105 1265 2188 apponen-

661 2191 760 2270 dum
776 2194 926 2270 curavit
1066 2217 1067 2220 ’

487 2302 689 2383 Gulielmus
710 2303 897 2408 Masbam,
920 2300 1092 2381 Concilii
1111 2300 1263 2380 Praeses.

480 2691 625 2796 Legato
647 2688 891 2797 Hispaniensi.

196 2863 531 2943 Excellentiffime
552 2864 744 2955 Domine,

128 2988 511 3178 ALlatuml
411 3015 536 3096 nuper
563 2987 610 3066 ad
637 2986 866 3067 Concilium
891 2986 947 3065 est
975 2984 1022 3065 ab
1052 2985 1264 3066 Navarcho
1325 3043 1326 3046 =

251 3100 381 3179 nostro
398 3100 511 3180 Bodil
506 3130 543 3179 eo
563 3101 723 3180 navium
745 3096 811 3204 huj
817 3127 860 3177 us
882 3097 1054 3206 Reipub.
1077 3099 1125 3177 ad
1146 3099 1265 3178 Gadi-

128 3227 242 3288 anum
272 3241 379 3291 mare
411 3210 613 3305 Praefecto,
643 3212 679 3291 se
710 3239 803 3291 cum
833 3212 955 3291 tribus
986 3210 1071 3289 aliis
1102 3211 1264 3291 navibus

128 3321 352 3403 rafidiariis
367 3325 576 3433 postquam
595 3324 780 3403 undecim
799 3322 1078 3431 Belgicarum
1067 3343 1264 3433 impetum

128 3435 342 3516 :ontinuato
370 3437 481 3515 bidui
508 3438 721 3516 certamine
753 3434 997 3528 sustinuisset,
1030 3433 1078 3513 ad
1105 3456 1264 3544 portum

128 3545 322 3653 Longonem
341 3547 463 3656 vulgb
482 3550 634 3629 dicium
658 3547 706 3627 ad
731 3547 925 3626 sarcienda
949 3547 1128 3654 quaedam
1152 3549 1193 3626 in
1217 3577 1264 3627 eo

128 3658 247 3737 >raclio
266 3680 425 3767 accepta
446 3660 714 3752 incommoda,
737 3659 876 3766 easque
903 3688 961 3738 res
985 3661 1265 3766 comparandas

128 3797 199 3876 {uae
219 3770 290 3850 fibi
304 3773 352 3850 ad
368 3799 544 3881 pugnam
560 3800 659 3881 opus
675 3771 808 3865 essent,
825 3773 866 3849 in
883 3790 1043 3880 portum
1060 3773 1266 3878 Longonem

128 3881 236 3990 ulgo
256 3883 409 3964 dietum
429 3886 464 3963 se
484 3883 682 3994 recepisse,
708 3884 776 3962 ubi
799 3883 880 3989 ejus
900 3884 977 3961 loci
998 3881 1204 3962 Praefeetus
1225 3885 1264 3961 in

128 4021 207 4074 :um
227 3996 456 4106 caeterasque
480 3996 549 4075 sub
570 3997 651 4102 ejus
675 3996 796 4075 ductu
821 4022 934 4075 naves
960 3995 1093 4075 omnia
1119 4014 1159 4075 et
1182 3995 1265 4100 jus-

128 4106 248 4186 iffimi
276 4127 317 4187 et
345 4106 615 4189 humaniffimi
641 4107 755 4186 simul
781 4108 869 4187 Viri
898 4106 1027 4186 officia
1056 4107 1263 4217 implevit;

128 4245 287 4327 :umque
308 4221 340 4299 is
360 4220 469 4300 locus
489 4223 530 4300 in
550 4221 699 4300 ditione
720 4219 959 4299 Sereniffimi
974 4220 1097 4326 Regis
1118 4218 1265 4326 Hispa-

128 4332 269 4411 tiarum
286 4331 346 4424 fit,
362 4333 592 4413 Concilium
608 4331 713 4411 certe
730 4331 963 4438 singularem
980 4329 1142 4440 praefidii
1159 4331 1265 4408 illius

128 4443 403 4524 inmanitatem
423 4446 549 4555 reipsd
564 4445 765 4550 cognitam
786 4444 959 4523 ardioris
975 4441 1158 4523 amicitiae
1176 4470 1265 4521 mu-
