<?xml version="1.0" encoding="UTF-8"?>
<!DOCTYPE html PUBLIC "-//W3C//DTD XHTML 1.0 Transitional//EN"
    "http://www.w3.org/TR/xhtml1/DTD/xhtml1-transitional.dtd">
<html xmlns="http://www.w3.org/1999/xhtml" xml:lang="en" lang="en">
 <head>
  <title>
</title>
<meta http-equiv="Content-Type" content="text/html;charset=utf-8" />
  <meta name='ocr-system' content='tesseract 3.04.00' />
  <meta name='ocr-capabilities' content='ocr_page ocr_carea ocr_par ocr_line ocrx_word'/>
</head>
<body>
  <div class='ocr_page' id='page_1' title='image "./worksjohnmilton06miltgoog_0321.png"; bbox 0 0 2956 4980; ppageno 0'>
   <div class='ocr_carea' id='block_1_1' title="bbox 158 206 1078 330">
    <p class='ocr_par' dir='ltr' id='par_1_1' title="bbox 158 206 1078 330">
     <span class='ocr_line' id='line_1_1' title="bbox 158 206 1078 330; baseline -0.004 -24"><span class='ocrx_word' id='word_1_1' title='bbox 158 227 235 330; x_wconf 84' lang='lat'>306</span> <span class='ocrx_word' id='word_1_2' title='bbox 380 212 543 307; x_wconf 87' lang='lat' dir='ltr'>Literae</span> <span class='ocrx_word' id='word_1_3' title='bbox 569 206 762 306; x_wconf 90' lang='lat' dir='ltr'>Oliverii</span> <span class='ocrx_word' id='word_1_4' title='bbox 787 209 1078 305; x_wconf 71' lang='lat' dir='ltr'>Protectoris.</span> 
     </span>
    </p>
   </div>
   <div class='ocr_carea' id='block_1_2' title="bbox 165 657 1320 883">
    <p class='ocr_par' dir='ltr' id='par_1_2' title="bbox 165 657 1320 883">
     <span class='ocr_line' id='line_1_2' title="bbox 165 657 1320 771; baseline -0.004 -30"><span class='ocrx_word' id='word_1_5' title='bbox 165 663 366 743; x_wconf 89' lang='lat' dir='ltr'>Oliverius</span> <span class='ocrx_word' id='word_1_6' title='bbox 388 667 586 745; x_wconf 63' lang='lat' dir='ltr'>Protebior</span> <span class='ocrx_word' id='word_1_7' title='bbox 603 665 711 771; x_wconf 86' lang='lat' dir='ltr'>Reip.</span> <span class='ocrx_word' id='word_1_8' title='bbox 730 662 886 769; x_wconf 84' lang='lat' dir='ltr'><em>Angliae</em></span> <span class='ocrx_word' id='word_1_9' title='bbox 903 658 1124 765; x_wconf 68' lang='lat' dir='ltr'>Serenffmo</span> <span class='ocrx_word' id='word_1_10' title='bbox 1140 657 1320 768; x_wconf 84' lang='lat' dir='ltr'>Principi</span> 
     </span>
     <span class='ocr_line' id='line_1_3' title="bbox 351 771 1123 883; baseline -0.003 -29"><span class='ocrx_word' id='word_1_11' title='bbox 351 778 385 854; x_wconf 92' lang='lat' dir='ltr'>F</span> <span class='ocrx_word' id='word_1_12' title='bbox 386 776 598 856; x_wconf 88' lang='lat' dir='ltr'>erdinando</span> <span class='ocrx_word' id='word_1_13' title='bbox 620 779 764 883; x_wconf 82' lang='lat' dir='ltr'>Magno</span> <span class='ocrx_word' id='word_1_14' title='bbox 784 773 895 855; x_wconf 88' lang='lat' dir='ltr'>Duci</span> <span class='ocrx_word' id='word_1_15' title='bbox 910 771 1123 852; x_wconf 84' lang='lat' dir='ltr'>Hetruriae.</span> 
     </span>
    </p>
   </div>
   <div class='ocr_carea' id='block_1_3' title="bbox 218 931 1162 1043">
    <p class='ocr_par' dir='ltr' id='par_1_3' title="bbox 218 931 1162 1043">
     <span class='ocr_line' id='line_1_4' title="bbox 218 931 1162 1043; baseline -0.006 -27"><span class='ocrx_word' id='word_1_16' title='bbox 218 936 463 1016; x_wconf 84' lang='lat' dir='ltr'>Sereniffime</span> <span class='ocrx_word' id='word_1_17' title='bbox 483 939 582 1016; x_wconf 86' lang='lat' dir='ltr'>Dux</span> <span class='ocrx_word' id='word_1_18' title='bbox 602 964 760 1043; x_wconf 86' lang='lat' dir='ltr'>magne,</span> <span class='ocrx_word' id='word_1_19' title='bbox 781 936 907 1015; x_wconf 89' lang='lat' dir='ltr'>amice</span> <span class='ocrx_word' id='word_1_20' title='bbox 927 931 1162 1024; x_wconf 86' lang='lat' dir='ltr'>chariffime,</span> 
     </span>
    </p>
   </div>
   <div class='ocr_carea' id='block_1_4' title="bbox 166 1059 1331 3517">
    <p class='ocr_par' dir='ltr' id='par_1_4' title="bbox 272 1059 1314 1172">
     <span class='ocr_line' id='line_1_5' title="bbox 272 1059 1314 1172; baseline -0.006 -30"><span class='ocrx_word' id='word_1_21' title='bbox 272 1063 423 1143; x_wconf 86' lang='lat' dir='ltr'>Stendit</span> <span class='ocrx_word' id='word_1_22' title='bbox 446 1065 558 1143; x_wconf 86' lang='lat' dir='ltr'>nobis</span> <span class='ocrx_word' id='word_1_23' title='bbox 586 1093 656 1172; x_wconf 90' lang='lat' dir='ltr'>per</span> <span class='ocrx_word' id='word_1_24' title='bbox 681 1064 861 1143; x_wconf 89' lang='lat' dir='ltr'>libellum</span> <span class='ocrx_word' id='word_1_25' title='bbox 891 1062 1111 1171; x_wconf 86' lang='lat' dir='ltr'><strong>supplicem</strong></span> <span class='ocrx_word' id='word_1_26' title='bbox 1143 1059 1314 1139; x_wconf 82' lang='lat' dir='ltr'>Societas</span> 
     </span>
    </p>

    <p class='ocr_par' dir='ltr' id='par_1_5' title="bbox 166 1169 1331 3290">
     <span class='ocr_line' id='line_1_6' title="bbox 285 1169 1319 1283; baseline -0.007 -30"><span class='ocrx_word' id='word_1_27' title='bbox 285 1177 559 1255; x_wconf 87' lang='lat' dir='ltr'>Mercatorurn</span> <span class='ocrx_word' id='word_1_28' title='bbox 573 1177 793 1256; x_wconf 89' lang='lat' dir='ltr'>nostrorum</span> <span class='ocrx_word' id='word_1_29' title='bbox 807 1176 877 1283; x_wconf 91' lang='lat' dir='ltr'>qui</span> <span class='ocrx_word' id='word_1_30' title='bbox 888 1174 935 1252; x_wconf 86' lang='lat' dir='ltr'>ad</span> <span class='ocrx_word' id='word_1_31' title='bbox 948 1169 1319 1253; x_wconf 81' lang='lat' dir='ltr'>orasMediterranei</span> 
     </span>
     <span class='ocr_line' id='line_1_7' title="bbox 166 1282 1315 1396; baseline -0.005 -31"><span class='ocrx_word' id='word_1_32' title='bbox 166 1286 296 1365; x_wconf 88' lang='lat' dir='ltr'>Maris</span> <span class='ocrx_word' id='word_1_33' title='bbox 329 1287 539 1366; x_wconf 80' lang='lat' dir='ltr'>orientales</span> <span class='ocrx_word' id='word_1_34' title='bbox 564 1290 828 1396; x_wconf 86' lang='lat' dir='ltr'>negotiantur,</span> <span class='ocrx_word' id='word_1_35' title='bbox 857 1283 1089 1365; x_wconf 71' lang='lat' dir='ltr'>Praefectum</span> <span class='ocrx_word' id='word_1_36' title='bbox 1116 1282 1315 1391; x_wconf 89' lang='lat' dir='ltr'>quendam</span> 
     </span>
     <span class='ocr_line' id='line_1_8' title="bbox 169 1395 1316 1507; baseline -0.003 -32"><span class='ocrx_word' id='word_1_37' title='bbox 169 1400 274 1477; x_wconf 90' lang='lat' dir='ltr'>navis</span> <span class='ocrx_word' id='word_1_38' title='bbox 299 1397 531 1493; x_wconf 85' lang='lat' dir='ltr'>Lodoviculi,</span> <span class='ocrx_word' id='word_1_39' title='bbox 554 1400 628 1478; x_wconf 86' lang='lat' dir='ltr'>five</span> <span class='ocrx_word' id='word_1_40' title='bbox 647 1399 809 1507; x_wconf 87' lang='lat' dir='ltr'>Anglice</span> <span class='ocrx_word' id='word_1_41' title='bbox 837 1399 909 1478; x_wconf 79' lang='lat' dir='ltr'>The</span> <span class='ocrx_word' id='word_1_42' title='bbox 932 1396 1055 1475; x_wconf 84' lang='lat' dir='ltr'>Little</span> <span class='ocrx_word' id='word_1_43' title='bbox 1080 1395 1223 1487; x_wconf 82' lang='lat' dir='ltr'>Lewis,</span> <span class='ocrx_word' id='word_1_44' title='bbox 1246 1421 1316 1471; x_wconf 92' lang='lat' dir='ltr'>no-</span> 
     </span>
     <span class='ocr_line' id='line_1_9' title="bbox 167 1507 1318 1615; baseline -0.003 -28"><span class='ocrx_word' id='word_1_45' title='bbox 167 1511 274 1588; x_wconf 91' lang='lat' dir='ltr'>mine</span> <span class='ocrx_word' id='word_1_46' title='bbox 304 1511 521 1590; x_wconf 84' lang='lat' dir='ltr'>Gulielmum</span> <span class='ocrx_word' id='word_1_47' title='bbox 553 1512 694 1605; x_wconf 79' lang='lat' dir='ltr'>Ellam,</span> <span class='ocrx_word' id='word_1_48' title='bbox 718 1539 812 1590; x_wconf 92' lang='lat' dir='ltr'>cum</span> <span class='ocrx_word' id='word_1_49' title='bbox 833 1507 1078 1588; x_wconf 69' lang='lat' dir='ltr'>Alexandriae</span> <span class='ocrx_word' id='word_1_50' title='bbox 1108 1507 1318 1615; x_wconf 83' lang='lat' dir='ltr'>inEgypto</span> 
     </span>
     <span class='ocr_line' id='line_1_10' title="bbox 168 1618 1315 1732; baseline -0.004 -34"><span class='ocrx_word' id='word_1_51' title='bbox 168 1621 273 1714; x_wconf 71' lang='lat' dir='ltr'>esset,</span> <span class='ocrx_word' id='word_1_52' title='bbox 298 1623 537 1701; x_wconf 71' lang='lat' dir='ltr'>conductum</span> <span class='ocrx_word' id='word_1_53' title='bbox 564 1620 764 1732; x_wconf 75' lang='lat' dir='ltr'>aSatrapa</span> <span class='ocrx_word' id='word_1_54' title='bbox 790 1619 1028 1728; x_wconf 79' lang='lat' dir='ltr'>Memphitica</span> <span class='ocrx_word' id='word_1_55' title='bbox 1052 1636 1096 1696; x_wconf 91' lang='lat' dir='ltr'>ut</span> <span class='ocrx_word' id='word_1_56' title='bbox 1121 1618 1315 1723; x_wconf 88' lang='lat' dir='ltr'>Oryzam,</span> 
     </span>
     <span class='ocr_line' id='line_1_11' title="bbox 168 1730 1316 1842; baseline -0.003 -32"><span class='ocrx_word' id='word_1_57' title='bbox 168 1731 403 1812; x_wconf 87' lang='lat' dir='ltr'>Saccharum</span> <span class='ocrx_word' id='word_1_58' title='bbox 428 1754 467 1813; x_wconf 89' lang='lat' dir='ltr'>et</span> <span class='ocrx_word' id='word_1_59' title='bbox 492 1732 703 1842; x_wconf 89' lang='lat' dir='ltr'>Caphiam,</span> <span class='ocrx_word' id='word_1_60' title='bbox 729 1733 846 1841; x_wconf 76' lang='lat' dir='ltr'>ipsius</span> <span class='ocrx_word' id='word_1_61' title='bbox 883 1732 1089 1812; x_wconf 85' lang='lat' dir='ltr'>Turcarum</span> <span class='ocrx_word' id='word_1_62' title='bbox 1120 1730 1316 1838; x_wconf 89' lang='lat' dir='ltr'>Principis</span> 
     </span>
     <span class='ocr_line' id='line_1_12' title="bbox 170 1843 1319 1955; baseline -0.001 -35"><span class='ocrx_word' id='word_1_63' title='bbox 170 1846 209 1921; x_wconf 96' lang='lat' dir='ltr'>in</span> <span class='ocrx_word' id='word_1_64' title='bbox 235 1843 347 1923; x_wconf 86' lang='lat' dir='ltr'>usum</span> <span class='ocrx_word' id='word_1_65' title='bbox 374 1846 712 1955; x_wconf 87' lang='lat' dir='ltr'>Constantinopolim</span> <span class='ocrx_word' id='word_1_66' title='bbox 733 1864 800 1924; x_wconf 91' lang='lat' dir='ltr'>aut</span> <span class='ocrx_word' id='word_1_67' title='bbox 826 1847 1017 1952; x_wconf 83' lang='lat' dir='ltr'>Smyrnam</span> <span class='ocrx_word' id='word_1_68' title='bbox 1036 1858 1319 1949; x_wconf 85' lang='lat' dir='ltr'>comportaret,</span> 
     </span>
     <span class='ocr_line' id='line_1_13' title="bbox 169 1954 1323 2045; baseline -0.003 -13"><span class='ocrx_word' id='word_1_69' title='bbox 169 1954 272 2033; x_wconf 85' lang='lat' dir='ltr'>claffi</span> <span class='ocrx_word' id='word_1_70' title='bbox 300 1954 336 2034; x_wconf 87' lang='lat' dir='ltr'>se</span> <span class='ocrx_word' id='word_1_71' title='bbox 361 1957 605 2036; x_wconf 84' lang='lat' dir='ltr'>Ottomanicae</span> <span class='ocrx_word' id='word_1_72' title='bbox 625 1959 665 2036; x_wconf 95' lang='lat' dir='ltr'>in</span> <span class='ocrx_word' id='word_1_73' title='bbox 689 1958 827 2036; x_wconf 90' lang='lat' dir='ltr'>itincre</span> <span class='ocrx_word' id='word_1_74' title='bbox 853 1954 1088 2045; x_wconf 76' lang='lat' dir='ltr'>subduxisse,</span> <span class='ocrx_word' id='word_1_75' title='bbox 1107 1973 1162 2044; x_wconf 91' lang='lat' dir='ltr'>et,</span> <span class='ocrx_word' id='word_1_76' title='bbox 1182 1970 1323 2031; x_wconf 90' lang='lat' dir='ltr'>contra</span> 
     </span>
     <span class='ocr_line' id='line_1_14' title="bbox 170 2063 1321 2161; baseline -0.003 -18"><span class='ocrx_word' id='word_1_77' title='bbox 170 2066 300 2144; x_wconf 89' lang='lat' dir='ltr'>datam</span> <span class='ocrx_word' id='word_1_78' title='bbox 322 2066 456 2161; x_wconf 90' lang='lat' dir='ltr'>fidem,</span> <span class='ocrx_word' id='word_1_79' title='bbox 478 2070 585 2146; x_wconf 92' lang='lat' dir='ltr'>navis</span> <span class='ocrx_word' id='word_1_80' title='bbox 606 2089 735 2148; x_wconf 93' lang='lat' dir='ltr'>totum</span> <span class='ocrx_word' id='word_1_81' title='bbox 754 2095 853 2147; x_wconf 92' lang='lat' dir='ltr'>onus</span> <span class='ocrx_word' id='word_1_82' title='bbox 878 2064 1091 2147; x_wconf 86' lang='lat' dir='ltr'>Liburnum</span> <span class='ocrx_word' id='word_1_83' title='bbox 1116 2063 1291 2143; x_wconf 73' lang='lat' dir='ltr'>avertisse</span> <span class='ocrx_word' id='word_1_84' title='bbox 1309 2092 1321 2140; x_wconf 76' lang='grc' dir='ltr'><strong>ι</strong></span> 
     </span>
     <span class='ocr_line' id='line_1_15' title="bbox 170 2174 1323 2288; baseline -0.001 -34"><span class='ocrx_word' id='word_1_85' title='bbox 170 2176 226 2255; x_wconf 93' lang='lat' dir='ltr'>ibi</span> <span class='ocrx_word' id='word_1_86' title='bbox 246 2179 373 2284; x_wconf 75' lang='lat' dir='ltr'>praedai</span> <span class='ocrx_word' id='word_1_87' title='bbox 392 2178 565 2286; x_wconf 89' lang='lat' dir='ltr'>potitum</span> <span class='ocrx_word' id='word_1_88' title='bbox 585 2208 689 2259; x_wconf 94' lang='lat' dir='ltr'>nunc</span> <span class='ocrx_word' id='word_1_89' title='bbox 709 2207 837 2287; x_wconf 88' lang='lat' dir='ltr'>agere.</span> <span class='ocrx_word' id='word_1_90' title='bbox 898 2177 1019 2288; x_wconf 83' lang='lat' dir='ltr'>Qud</span> <span class='ocrx_word' id='word_1_91' title='bbox 1045 2174 1211 2268; x_wconf 87' lang='lat' dir='ltr'>facinus,</span> <span class='ocrx_word' id='word_1_92' title='bbox 1233 2174 1323 2282; x_wconf 87' lang='lat' dir='ltr'>pes-</span> 
     </span>
     <span class='ocr_line' id='line_1_16' title="bbox 172 2287 1326 2399; baseline -0.002 -32"><span class='ocrx_word' id='word_1_93' title='bbox 172 2290 259 2368; x_wconf 91' lang='lat' dir='ltr'>fimi</span> <span class='ocrx_word' id='word_1_94' title='bbox 282 2289 368 2369; x_wconf 69' lang='lat' dir='ltr'>sane</span> <span class='ocrx_word' id='word_1_95' title='bbox 389 2291 578 2397; x_wconf 88' lang='lat' dir='ltr'>exempli,</span> <span class='ocrx_word' id='word_1_96' title='bbox 600 2321 692 2371; x_wconf 92' lang='lat' dir='ltr'>cum</span> <span class='ocrx_word' id='word_1_97' title='bbox 716 2290 965 2399; x_wconf 83' lang='lat' dir='ltr'>Christianum</span> <span class='ocrx_word' id='word_1_98' title='bbox 990 2314 1134 2367; x_wconf 89' lang='lat' dir='ltr'>nomen</span> <span class='ocrx_word' id='word_1_99' title='bbox 1159 2287 1326 2396; x_wconf 91' lang='lat' dir='ltr'>probro,</span> 
     </span>
     <span class='ocr_line' id='line_1_17' title="bbox 172 2397 1326 2509; baseline -0.003 -30"><span class='ocrx_word' id='word_1_100' title='bbox 172 2400 445 2509; x_wconf 84' lang='lat' dir='ltr'>Mercatorum</span> <span class='ocrx_word' id='word_1_101' title='bbox 473 2402 645 2484; x_wconf 86' lang='lat' dir='ltr'>fortunas</span> <span class='ocrx_word' id='word_1_102' title='bbox 674 2403 905 2509; x_wconf 88' lang='lat' dir='ltr'>degentium</span> <span class='ocrx_word' id='word_1_103' title='bbox 935 2401 1003 2480; x_wconf 93' lang='lat' dir='ltr'>sub</span> <span class='ocrx_word' id='word_1_104' title='bbox 1035 2400 1158 2479; x_wconf 88' lang='lat' dir='ltr'>Turca</span> <span class='ocrx_word' id='word_1_105' title='bbox 1185 2397 1326 2506; x_wconf 85' lang='lat' dir='ltr'>direp-</span> 
     </span>
     <span class='ocr_line' id='line_1_18' title="bbox 174 2508 1326 2622; baseline -0.002 -33"><span class='ocrx_word' id='word_1_106' title='bbox 174 2513 289 2591; x_wconf 87' lang='lat' dir='ltr'>tionis</span> <span class='ocrx_word' id='word_1_107' title='bbox 310 2514 485 2621; x_wconf 91' lang='lat' dir='ltr'>periculo</span> <span class='ocrx_word' id='word_1_108' title='bbox 501 2515 673 2622; x_wconf 90' lang='lat' dir='ltr'>objiciat,</span> <span class='ocrx_word' id='word_1_109' title='bbox 691 2515 861 2622; x_wconf 89' lang='lat' dir='ltr'>petimus</span> <span class='ocrx_word' id='word_1_110' title='bbox 875 2511 896 2592; x_wconf 75' lang='grc' dir='ltr'>ὲ</span> <span class='ocrx_word' id='word_1_111' title='bbox 912 2511 1152 2591; x_wconf 88' lang='lat' dir='ltr'>Celfitudine</span> <span class='ocrx_word' id='word_1_112' title='bbox 1166 2508 1326 2601; x_wconf 91' lang='lat' dir='ltr'>Vestra,</span> 
     </span>
     <span class='ocr_line' id='line_1_19' title="bbox 173 2621 1328 2735; baseline 0.001 -36"><span class='ocrx_word' id='word_1_113' title='bbox 173 2642 216 2700; x_wconf 95' lang='lat' dir='ltr'>ut</span> <span class='ocrx_word' id='word_1_114' title='bbox 247 2624 363 2702; x_wconf 92' lang='lat' dir='ltr'>illum</span> <span class='ocrx_word' id='word_1_115' title='bbox 390 2625 594 2705; x_wconf 90' lang='lat' dir='ltr'>hominem</span> <span class='ocrx_word' id='word_1_116' title='bbox 629 2623 927 2735; x_wconf 87' lang='lat' dir='ltr'>comprehendi,</span> <span class='ocrx_word' id='word_1_117' title='bbox 956 2642 995 2702; x_wconf 88' lang='lat' dir='ltr'>et</span> <span class='ocrx_word' id='word_1_118' title='bbox 1026 2625 1066 2701; x_wconf 94' lang='lat' dir='ltr'>in</span> <span class='ocrx_word' id='word_1_119' title='bbox 1101 2621 1328 2700; x_wconf 86' lang='lat' dir='ltr'>custodiam</span> 
     </span>
     <span class='ocr_line' id='line_1_20' title="bbox 173 2732 1327 2845; baseline -0.002 -34"><span class='ocrx_word' id='word_1_120' title='bbox 173 2735 287 2828; x_wconf 89' lang='lat' dir='ltr'>tradi,</span> <span class='ocrx_word' id='word_1_121' title='bbox 311 2763 527 2845; x_wconf 89' lang='lat' dir='ltr'>navemque</span> <span class='ocrx_word' id='word_1_122' title='bbox 548 2758 586 2818; x_wconf 91' lang='lat' dir='ltr'>et</span> <span class='ocrx_word' id='word_1_123' title='bbox 602 2740 715 2817; x_wconf 75' lang='lat' dir='ltr'>bona</span> <span class='ocrx_word' id='word_1_124' title='bbox 739 2738 899 2816; x_wconf 89' lang='lat' dir='ltr'>retineri</span> <span class='ocrx_word' id='word_1_125' title='bbox 917 2735 1067 2840; x_wconf 88' lang='lat' dir='ltr'>jubeat,</span> <span class='ocrx_word' id='word_1_126' title='bbox 1089 2734 1219 2841; x_wconf 86' lang='lat' dir='ltr'>quoad</span> <span class='ocrx_word' id='word_1_127' title='bbox 1246 2732 1327 2838; x_wconf 83' lang='lat' dir='ltr'>fig-</span> 
     </span>
     <span class='ocr_line' id='line_1_21' title="bbox 173 2843 1329 2929; baseline 0.001 -6"><span class='ocrx_word' id='word_1_128' title='bbox 173 2845 377 2926; x_wconf 89' lang='lat' dir='ltr'>nificatum</span> <span class='ocrx_word' id='word_1_129' title='bbox 398 2846 420 2927; x_wconf 73' lang='lat' dir='ltr'>a</span> <span class='ocrx_word' id='word_1_130' title='bbox 439 2848 550 2929; x_wconf 90' lang='lat' dir='ltr'>nobis</span> <span class='ocrx_word' id='word_1_131' title='bbox 570 2852 644 2929; x_wconf 88' lang='lat' dir='ltr'>erit</span> <span class='ocrx_word' id='word_1_132' title='bbox 664 2848 807 2928; x_wconf 82' lang='lat' dir='ltr'>curaffe</span> <span class='ocrx_word' id='word_1_133' title='bbox 829 2876 898 2927; x_wconf 88' lang='lat' dir='ltr'>nos</span> <span class='ocrx_word' id='word_1_134' title='bbox 918 2875 977 2926; x_wconf 86' lang='lat' dir='ltr'>res</span> <span class='ocrx_word' id='word_1_135' title='bbox 1001 2846 1085 2925; x_wconf 87' lang='lat' dir='ltr'>illas</span> <span class='ocrx_word' id='word_1_136' title='bbox 1107 2843 1329 2924; x_wconf 79' lang='lat' dir='ltr'>Turcarum</span> 
     </span>
     <span class='ocr_line' id='line_1_22' title="bbox 175 2955 1330 3069; baseline 0 -34"><span class='ocrx_word' id='word_1_137' title='bbox 175 2961 343 3069; x_wconf 89' lang='lat' dir='ltr'>principi</span> <span class='ocrx_word' id='word_1_138' title='bbox 361 2961 585 3041; x_wconf 86' lang='lat' dir='ltr'>reddendas.</span> <span class='ocrx_word' id='word_1_139' title='bbox 645 2961 791 3040; x_wconf 85' lang='lat' dir='ltr'>Vestrae</span> <span class='ocrx_word' id='word_1_140' title='bbox 804 2958 1036 3039; x_wconf 85' lang='lat' dir='ltr'>Celsrtudini</span> <span class='ocrx_word' id='word_1_141' title='bbox 1050 2955 1170 3035; x_wconf 90' lang='lat' dir='ltr'>ficubi</span> <span class='ocrx_word' id='word_1_142' title='bbox 1183 2957 1330 3036; x_wconf 83' lang='lat' dir='ltr'>nostris</span> 
     </span>
     <span class='ocr_line' id='line_1_23' title="bbox 174 3069 1331 3179; baseline 0.001 -33"><span class='ocrx_word' id='word_1_143' title='bbox 174 3071 311 3150; x_wconf 91' lang='lat' dir='ltr'>officiis</span> <span class='ocrx_word' id='word_1_144' title='bbox 336 3072 423 3152; x_wconf 87' lang='lat' dir='ltr'>usus</span> <span class='ocrx_word' id='word_1_145' title='bbox 444 3074 608 3152; x_wconf 84' lang='lat' dir='ltr'>viciffim</span> <span class='ocrx_word' id='word_1_146' title='bbox 640 3075 727 3166; x_wconf 88' lang='lat' dir='ltr'>erit,</span> <span class='ocrx_word' id='word_1_147' title='bbox 748 3071 984 3179; x_wconf 84' lang='lat' dir='ltr'>paratiffima</span> <span class='ocrx_word' id='word_1_148' title='bbox 1007 3069 1118 3149; x_wconf 93' lang='lat' dir='ltr'>omni</span> <span class='ocrx_word' id='word_1_149' title='bbox 1143 3087 1331 3177; x_wconf 88' lang='lat' dir='ltr'>tempore</span> 
     </span>
     <span class='ocr_line' id='line_1_24' title="bbox 174 3179 522 3290; baseline 0.009 -32"><span class='ocrx_word' id='word_1_150' title='bbox 174 3179 257 3260; x_wconf 85' lang='lat' dir='ltr'>fore</span> <span class='ocrx_word' id='word_1_151' title='bbox 279 3184 522 3290; x_wconf 88' lang='lat' dir='ltr'>profitemur.</span> 
     </span>
    </p>

    <p class='ocr_par' dir='ltr' id='par_1_6' title="bbox 262 3294 898 3517">
     <span class='ocr_line' id='line_1_25' title="bbox 262 3294 898 3405; baseline -0.002 -33"><span class='ocrx_word' id='word_1_152' title='bbox 262 3297 318 3372; x_wconf 86' lang='lat' dir='ltr'><em>W</em></span> <span class='ocrx_word' id='word_1_153' title='bbox 312 3296 566 3405; x_wconf 81' lang='lat' dir='ltr'>estmonasterio</span> <span class='ocrx_word' id='word_1_154' title='bbox 585 3323 630 3371; x_wconf 88' lang='lat' dir='ltr'>ex</span> <span class='ocrx_word' id='word_1_155' title='bbox 650 3296 757 3374; x_wconf 85' lang='lat' dir='ltr'>Aula</span> <span class='ocrx_word' id='word_1_156' title='bbox 776 3294 898 3403; x_wconf 80' lang='lat' dir='ltr'>nostra</span> 
     </span>
     <span class='ocr_line' id='line_1_26' title="bbox 332 3407 778 3517; baseline -0.007 -30"><span class='ocrx_word' id='word_1_157' title='bbox 332 3407 409 3487; x_wconf 86' lang='lat' dir='ltr'>Die</span> <span class='ocrx_word' id='word_1_158' title='bbox 430 3410 531 3517; x_wconf 87' lang='lat' dir='ltr'>Sept.</span> <span class='ocrx_word' id='word_1_159' title='bbox 554 3410 632 3488; x_wconf 86' lang='lat' dir='ltr'>An.</span> <span class='ocrx_word' id='word_1_160' title='bbox 659 3408 706 3486; x_wconf 89' lang='lat'>16</span> <span class='ocrx_word' id='word_1_161' title='bbox 712 3432 778 3514; x_wconf 79' lang='lat'>57.</span> 
     </span>
    </p>
   </div>
   <div class='ocr_carea' id='block_1_5' title="bbox 539 3529 1269 3723">
    <p class='ocr_par' dir='ltr' id='par_1_7' title="bbox 539 3529 1269 3723">
     <span class='ocr_line' id='line_1_27' title="bbox 539 3529 1269 3622; baseline -0.008 -9"><span class='ocrx_word' id='word_1_162' title='bbox 539 3535 789 3614; x_wconf 86' lang='lat' dir='ltr'>Celfitudinis</span> <span class='ocrx_word' id='word_1_163' title='bbox 810 3533 939 3611; x_wconf 88' lang='lat' dir='ltr'>vestrae</span> <span class='ocrx_word' id='word_1_164' title='bbox 960 3529 1269 3622; x_wconf 85' lang='lat' dir='ltr'>studiofiffimus,</span> 
     </span>
     <span class='ocr_line' id='line_1_28' title="bbox 895 3641 1087 3723; baseline -0.021 0"><span class='ocrx_word' id='word_1_165' title='bbox 895 3641 1087 3723; x_wconf 84' lang='lat' dir='ltr'>Oliverius</span> 
     </span>
    </p>
   </div>
   <div class='ocr_carea' id='block_1_6' title="bbox 784 3751 1329 3863">
    <p class='ocr_par' dir='ltr' id='par_1_8' title="bbox 784 3751 1329 3863">
     <span class='ocr_line' id='line_1_29' title="bbox 784 3751 1329 3863; baseline -0.007 -29"><span class='ocrx_word' id='word_1_166' title='bbox 784 3756 890 3834; x_wconf 92' lang='lat' dir='ltr'>Prot.</span> <span class='ocrx_word' id='word_1_167' title='bbox 915 3756 1033 3863; x_wconf 89' lang='lat' dir='ltr'>Reip.</span> <span class='ocrx_word' id='word_1_168' title='bbox 1055 3751 1225 3860; x_wconf 87' lang='lat' dir='ltr'>Angliae,</span> <span class='ocrx_word' id='word_1_169' title='bbox 1248 3754 1329 3831; x_wconf 71' lang='lat' dir='ltr'>&amp;c</span> 
     </span>
    </p>
   </div>
   <div class='ocr_carea' id='block_1_7' title="bbox 0 0 1507 4980">
    <p class='ocr_par' dir='ltr' id='par_1_9' title="bbox 0 0 1507 4980">
     <span class='ocr_line' id='line_1_30' title="bbox 0 0 1507 4980; baseline 0 0"><span class='ocrx_word' id='word_1_170' title='bbox 0 0 1507 4980; x_wconf 95' lang='lat' dir='ltr'> </span> 
     </span>
    </p>
   </div>
  </div>
 </body>
</html>
