1008 1431
214 150 255 171 344
314 140 397 164 Literae
410 139 524 164 Richasdi
535 140 682 164 Prote&oris.

214 183 326 204 ficandum.
344 184 364 204 id
379 183 433 211 quod
446 191 471 203 ex
487 191 512 204 eo
528 184 593 204 studio
609 190 672 216 eaque
687 183 790 210 diligentii

215 211 279 231 nostri
288 211 346 231 facile
353 211 474 239 perspicietis
483 218 543 239 quam
549 212 573 232 ad
581 218 651 239 pacem
659 211 711 231 inter
718 211 790 238 Majes-

215 244 273 259 tatem
284 240 310 259 V
301 239 366 267 stram
379 240 496 267 Regemque
509 240 580 260 Sueciae
592 239 759 260 reconciliandam
771 244 791 259 et

216 267 333 287 adhibemus
343 274 403 291 nunc,
413 272 441 291 et,
452 268 517 294 quoad
527 275 576 295 opus
588 268 633 291 erit,
642 267 789 287 adhibebimus.

218 296 345 343 Qpnffter
351 295 480 343 Ιηὲτηιιητίἕ
485 295 549 315 nostro
545 295 737 343 ἐῖιὸετεῐῖῗιηᾶἓῒ
743 295 790 315 Sue-

217 330 280 343 corum
310 330 321 343 e
336 330 368 343 em
395 328 460 343 xtraor
475 323 537 343 mario
577 329 583 342 ι
665 330 687 343 ea
728 330 747 343 es
757 330 792 343 ne-

218 351 296 378 gotium
303 330 401 374 degdimus,
410 355 432 370 ut
439 350 557 378 Majestatem
566 351 586 370 V
582 327 648 378 mm
657 350 689 371 his
698 351 723 371 de
734 350 791 371 rebus

218 378 283 399 nostro
292 379 385 406 deinceps
394 379 474 398 nomine
484 379 547 402 adeat,
557 385 580 398 ea
589 379 732 402 communicet,
744 385 791 406 pro-

217 411 285 434 ponat,
293 411 338 433 agat
345 411 403 434 atque
410 407 508 433 trznfigat,
516 414 559 434 quae
565 406 666 427 eommiss'a
674 406 709 426 fibi
715 406 727 426 ὲ
734 407 791 426 nobis

218 439 238 454 et
248 434 339 454 mandata
348 435 385 454 esse
395 434 489 454 ostendet.
520 436 588 462 Qm
600 435 619 455 ei
631 434 692 454 fidem
701 434 757 461 Maje
771 442 793 454 as

220 462 285 489 Vestra
302 462 356 483 hoc
350 469 371 482 m
386 469 467 482 munere
480 462 578 486 habuerit,
592 469 636 483 eam
650 462 792 489 nobismetipfis

220 489 291 510 habere
302 490 320 510 se
334 491 407 514 credat,
417 497 516 518 rogamus.
546 491 602 510 Deus
613 490 713 517 Majestati
722 491 749 510 V
739 490 792 517 strae

219 525 244 538 ex
252 518 292 538 istis
297 518 390 538 omnibus
397 525 463 538 rerum
471 518 549 538 suarum
556 518 711 542 difficultatibus,
720 518 740 538 in
747 518 793 545 qui-

218 546 255 566 bus
269 551 334 566 tamen
347 545 394 566 forti
409 551 429 566 et
443 553 516 573 magno
530 547 597 566 animo
607 546 699 570 versatur,
714 545 794 566 felicem

220 574 326 600 laetumque
335 574 411 594 exitum
422 575 487 601 prii-no
496 581 576 601 quoque
587 579 675 601 tempore
685 574 787 594 concedat

262 601 296 621 W
287 601 421 628 stmonasterw
431 602 484 621 Maii
493 608 499 621 1
505 608 524 629 5.
533 603 573 622 An.
586 602 645 629 1659.

431 629 590 653 Guil.Lent}1all,

361 657 476 677 Proloeutor
483 658 603 678 Parlamenti
611 657 699 685 Reipub.
707 657 792 685 Angliae.
