2956 4980
195 247 311 378 Cap.
337 286 376 369 3.
508 241 698 341 Plenior
723 240 970 342 Institutio.
1263 284 1311 365 13

157 442 278 515 tores,
298 420 584 502 conservatores
604 419 799 500 referendi
819 419 919 501 sunt.
966 412 1174 498 Procreare
1192 419 1315 526 igitur

156 553 199 614 et
224 534 327 614 tueri
351 534 432 614 duo
456 533 545 612 sunt
571 533 682 611 modi
707 531 852 641 quibus
883 532 992 611 idem
1015 529 1110 639 saepe
1142 530 1316 612 efficiens

157 645 316 726 efficere
337 644 457 726 solet.
490 644 731 753 procreando
750 644 916 752 quidem
940 642 981 723 id
1004 641 1112 749 quod
1137 643 1316 722 nondum

157 758 231 852 est,
262 776 308 838 ut
327 758 395 855 fit;
426 756 689 838 conservando
708 775 844 836 autern
867 756 909 835 id
933 752 1080 864 quod
1063 780 1149 859 Jam
1169 754 1240 849 est,
1269 772 1316 834 ut

160 868 281 981 porrb
300 869 359 949 fit.

263 1231 386 1313 CAP.
415 1230 490 1311 IV.
549 1230 614 1311 De
634 1229 824 1340 Efficiente
834 1229 940 1338 solas
961 1248 1099 1311 etcum
1117 1229 1216 1311 aliis.

241 1448 316 1546 s<
368 1428 535 1526 Ecundl,
567 1430 678 1570 causa
703 1428 857 1536 ffciens
870 1429 957 1535 sola
985 1430 1108 1538 efficit,
1135 1448 1206 1510 aut
1236 1459 1317 1511 cum

199 1598 235 1647 ,ς
267 1554 299 1617 «42
395 1541 494 1620 aliis.
553 1539 768 1650 Earumque
785 1541 939 1621 omnium
949 1540 1036 1652 saep
1037 1543 1117 1622 eal
1113 1542 1151 1622 ia
1168 1543 1318 1652 princi·

223 1632 273 1768 ’ἴ
292 1654 357 1800 ἦ
388 1653 573 1780 palis3al
568 1653 607 1732 ia
632 1654 753 1734 minus
771 1653 1008 1762 principalis,
1021 1653 1111 1759 stne
1132 1653 1319 1762 arls'uoans

278 1749 344 1800 *ς’*
335 1768 351 1785 ”
395 1782 432 1844 et
449 1765 629 1874 ministra.
689 1770 826 1875 Qam
848 1766 1024 1859 Cicero,
1013 1794 1054 1844 m
1072 1767 1208 1846 Partit.
1225 1793 1317 1847 cau-

146 1877 240 1983 stam
267 1877 510 1984 afficientem
532 1896 670 1956 vocat:
701 1897 742 1955 et
764 1876 887 1982 cujus,
915 1878 1058 1984 inquit,
1083 1879 1236 1985 generis
1260 1880 1318 1959 vis

164 1989 270 2069 varia
285 1989 354 2083 est,
370 2008 412 2068 et
430 1989 525 2098 saepe
544 2007 613 2069 aut
627 1987 751 2094 major
770 2007 837 2068 aut
853 1989 1006 2084 minor;
1029 2008 1128 2070 utet
1147 1991 1213 2070 illa
1232 2019 1319 2099 quae

164 2101 385 2181 maximam
398 2101 480 2179 vim
497 2097 630 2194 habet,
651 2100 729 2181 sola
748 2101 843 2209 saepe
864 2099 975 2180 causa
994 2050 1159 2181 dicatur.
1191 2103 1317 2197 Hinc,

165 2212 325 2292 AEneid.
316 2242 381 2319 ..9
396 2215 447 2291 N
431 2211 521 2322 fies
532 2211 579 2292 ab
594 2212 759 2322 Euryalo
779 2211 883 2293 socio
902 2211 1113 2292 transfert
1102 2242 1143 2293 ιη
1156 2213 1194 2293 se
1210 2213 1319 2294 faeta

165 2323 281 2405 caedis
300 2342 340 2404 et
358 2325 519 2433 culpam
539 2344 579 2405 et
597 2352 777 2433 poenam3
799 2326 905 2432 quafi
919 2324 1020 2404 solus
1035 2330 1169 2405 auctor
1184 2324 1318 2420 fuerit,

165 2438 262 2546 quia
281 2434 358 2516 fuit
377 2438 606 2545 praecipuus.
666 2439 720 2516 Et
740 2436 907 2516 solitaria
929 2436 1042 2515 causa
1065 2465 1160 2516 cum
1182 2437 1320 2546 pleris-

166 2577 246 2657 que
261 2567 302 2627 et
319 2548 601 2657 principalibus
621 2568 661 2627 et
681 2548 806 2640 sociis,
827 2577 898 2656 pro
914 2550 1116 2641 Marcello,
1132 2548 1237 2629 varie
1252 2549 1320 2630 ad-

166 2660 341 2741 hibetur.
401 2661 476 2739 Sed
496 2658 579 2740 haec
602 2660 681 2739 duo
705 2662 890 2769 exempla
908 2661 998 2739 vide
1025 2660 1113 2771 post
1135 2660 1256 2742 finem
1280 2663 1321 2741 in
1411 2709 1415 2713 ·

167 2772 281 2883 praxi
301 2772 505 2880 analytica.

228 2883 354 2962 Causa
383 2886 514 2964 minus
542 2883 770 2992 principalis
801 2885 864 2989 (ut
888 2883 1051 2990 quidam
1073 2884 1228 2992 volunt)
1259 2886 1323 2964 vel

168 2997 226 3076 est
250 2995 471 3105 impulfiva,
493 3023 579 3104 quae
612 2995 872 3105 principalem
904 3023 1066 3104 quoquo
1091 2996 1211 3076 modo
1243 2999 1321 3076 im-

167 3107 346 3218 pellitae
365 3127 513 3201 movet,
533 3106 597 3186 vel
617 3107 672 3186 est
691 3107 1009 3187 instrumentalis.

227 3219 441 3328 Impulfiva
460 3219 609 3327 duplex
636 3219 692 3299 est
713 3213 939 3327 Graecisque
958 3218 1120 3298 vocibus
1140 3219 1322 3328 receptio,

162 3349 412 3440 praegumena
425 3332 584 3426 dicitur,
599 3331 662 3410 vel
672 3331 968 3439 procatartiica.
1014 3332 1087 3410 Illa
1108 3332 1227 3424 intus,
1241 3329 1323 3411 haec

169 3442 408 3524 extrinsecus
426 3462 560 3523 movet
579 3443 862 3551 principalem:
884 3460 924 3522 et
942 3470 1032 3522 vera
1047 3444 1074 3522 fi
1090 3444 1159 3537 est,
1176 3443 1322 3550 occasta

171 3554 199 3634 fi
220 3554 321 3649 fieta,
335 3572 549 3664 praetextus
567 3556 725 3635 dicitur.

228 3668 293 3746 Sic
317 3667 428 3746 causa
457 3695 594 3775 proeg.
623 3695 708 3774 quae
731 3667 835 3746 intus
863 3664 1047 3745 movebat
1070 3664 1246 3744 infideles
1274 3665 1324 3745 ad

171 3778 484 3887 persequendum
507 3777 750 3858 Christianos
780 3777 991 3886 (exemplis
1020 3777 1128 3856 enim
1157 3777 1324 3885 receptis

170 3887 238 3970 htc
270 3891 445 3999 utemur)
486 3909 567 3971 erat
597 3918 735 3970 eorum
769 3890 989 3997 ignorantia
1026 3906 1094 3968 aut
1127 3888 1325 3998 impietas,

169 4002 283 4082 causa
313 4021 463 4111 procat.
494 4020 603 4083 erant
637 4003 817 4081 nocturni
847 4019 1075 4092 conventus,
1101 4000 1165 4079 vel
1194 4001 1326 4111 potius

170 4115 317 4221 quaevis
341 4114 614 4194 conventicula
642 4112 971 4192 Christianorum.
1034 4111 1148 4191 Olim
1174 4112 1326 4193 interfi-

170 4226 305 4304 ciendi
326 4225 474 4306 Christi
494 4226 607 4307 causa
627 4252 762 4333 proeg.
784 4244 866 4305 erat
884 4225 1114 4329 Judaeorum
1133 4226 1244 4304 zelus
1262 4226 1326 4333 ig-

170 4365 308 4416 narus:
331 4358 479 4445 procat.
501 4338 651 4444 objecta
670 4335 846 4417 sabbathi
862 4336 1022 4415 violatio
1041 4333 1326 4443 conciondsque

173 4447 374 4530 seditiosa.
434 4451 668 4531 Notandum
693 4469 827 4531 autem
851 4449 907 4528 est
932 4447 1001 4528 ubi
1020 4446 1132 4528 causa
1154 4471 1326 4557 proegu-
