2956 4980
265 249 348 326 402
579 206 793 342 Epistolae
822 205 1102 304 Familiares.

267 385 535 465 Historiarum
550 385 764 492 Scriptores
783 383 966 463 videntur
983 376 1176 488 caligaffe,
1193 374 1296 455 nihil
1307 373 1415 482 equi·

268 496 362 576 dem
382 495 604 602 hujusmodi
629 525 756 605 neque
782 523 959 604 unquam
983 491 1086 573 mihi
1109 487 1268 598 sumpsi,
1293 513 1416 593 neque

268 610 392 688 aufim
411 609 576 689 sumere.
637 611 702 688 De
724 607 894 716 Sallustio
913 606 1021 715 quod
1045 604 1192 696 scribis,
1218 603 1352 680 dicam
1371 598 1417 676 li·

269 720 377 814 bere,
398 724 587 829 quoniam
616 721 668 800 ita
692 721 749 800 vis
773 721 888 828 plane
920 738 965 799 ut
987 717 1117 796 dicam
1145 713 1253 823 quod
1282 711 1416 803 sentio,

271 833 484 943 Sallustium
504 834 627 914 cuivis
648 833 789 913 Latino
808 832 1011 912 Historico
1037 857 1102 908 me
1125 827 1291 936 quidem
1314 841 1420 903 ante·

269 943 396 1039 ferre;
417 974 503 1053 quae
522 947 643 1025 etiam
661 945 837 1025 constans
854 942 934 1023 fere
950 943 1220 1051 Antiquorum
1234 935 1422 1016 sententia

270 1054 361 1135 fuit.
421 1057 557 1136 Habet
576 1056 660 1136 suas
679 1056 811 1136 laudes
832 1075 921 1136 tuus
946 1053 1114 1143 Tacitus,·
1145 1051 1208 1130 sed
1238 1076 1304 1128 eas
1331 1074 1421 1126 meo

269 1167 433 1274 quidem
446 1167 599 1273 judicio
619 1169 827 1262 maximas,
840 1167 948 1275 quod
965 1163 1177 1272 Sallustium
1190 1162 1321 1240 nervis
1336 1187 1422 1240 om·

271 1278 387 1359 nibus
406 1279 452 1359 fit
474 1280 663 1360 imitatus.
724 1282 832 1360 Cum
852 1278 934 1359 haec
954 1297 1087 1358 tecum
1106 1302 1240 1355 coram
1265 1270 1422 1352 differe·

272 1418 371 1484 rem,
393 1390 592 1499 perfecisse
612 1392 760 1486 videor,
784 1410 979 1500 quantum
1001 1417 1053 1468 ex
1078 1416 1126 1467 eo
1152 1385 1261 1494 quod
1289 1383 1422 1463 scribis

137 1600 140 1606 Ι
272 1502 454 1607 conjicio,
482 1521 527 1583 ut
549 1503 597 1583 de
625 1505 694 1583 illo
717 1503 980 1583 cordatiffimo
1012 1502 1207 1609 Scriptore
1233 1495 1316 1604 ipse
1337 1495 1423 1600 jam

271 1613 379 1693 idem
398 1641 521 1723 prope
542 1614 705 1694 sentias:
738 1612 913 1723 adeoque
933 1640 984 1693 ex
1004 1640 1069 1692 me
1088 1611 1242 1720 queris,
1268 1635 1367 1686 cum
1392 1608 1423 1685 is

271 1725 312 1802 in
342 1726 505 1806 exordio
536 1726 638 1805 Belli
667 1725 890 1807 Catilinarii
913 1724 1143 1836 perdifficile
1172 1719 1248 1800 effe
1276 1720 1424 1799 dixerit

271 1836 493 1916 Historiam
512 1837 690 1930 scribere,
714 1857 920 1947 propterea
940 1836 1047 1945 quod
1067 1833 1167 1916 fasta
1186 1833 1302 1912 dictis
1321 1858 1423 1910 exae-

271 1950 427 2053 quanda
447 1948 547 2041 sunt,
569 1977 647 2057 qua
666 1949 909 2057 potiffimum
933 1949 1080 2028 ratione
1099 1949 1139 2026 id
1159 1943 1306 2052 assequi
1326 1940 1423 2022 His-

272 2060 461 2138 toriarum
481 2058 706 2168 scriptorem
725 2061 830 2169 posse
850 2059 1088 2140 existimem.
1147 2059 1237 2164 Ego
1257 2084 1352 2136 vero
1373 2054 1424 2133 fic

270 2170 478 2263 existim03
509 2172 580 2278 qui
599 2173 722 2278 gestas
738 2201 797 2251 res
813 2172 949 2279 dignas
969 2172 1087 2280 digne
1106 2167 1317 2277 scripserit,
1329 2193 1422 2245 eum

270 2283 404 2362 animo
430 2309 508 2362 non
539 2286 669 2364 minus
699 2311 844 2390 magno
874 2312 1085 2392 rerumque
1113 2281 1182 2360 usu
1212 2278 1421 2389 praeditum

270 2392 435 2473 scribere
465 2413 660 2502 oportere,
684 2422 805 2502 quam
830 2396 862 2475 is
892 2396 963 2503 qui
989 2423 1050 2475 eas
1075 2392 1255 2501 gesserit:
1287 2409 1334 2469 ut
1358 2389 1422 2468 vel

271 2507 464 2584 maximas
494 2507 579 2612 pari
613 2509 745 2585 animo
780 2504 1114 2614 comprehendere
1139 2523 1256 2611 atque
1289 2502 1424 2582 metiri

270 2616 399 2722 poflit,
416 2634 456 2694 et
474 2615 771 2724 comprehensas
786 2617 962 2697 sermone
977 2646 1077 2726 puro
1092 2620 1208 2723 atque
1221 2614 1327 2694 casto
1346 2612 1422 2693 dis-

273 2726 393 2805 tindte
414 2726 662 2836 gravitsrque
690 2755 866 2808 narrare:
898 2757 991 2809 nam
1011 2747 1055 2808 ut
1073 2745 1222 2819 ornate,
1249 2753 1330 2805 non
1353 2725 1422 2804 ad-

272 2838 439 2917 modum
471 2838 629 2934 laboro;
663 2840 911 2920 Historicum
940 2842 1063 2933 enim,
1095 2867 1173 2918 non
1207 2839 1421 2918 Oratorem

272 2952 442 3055 requiro.
502 2951 669 3030 Crebras
689 2953 809 3031 etiam
829 2951 1048 3044 sententias,
1067 2950 1269 3056 etjudicia
1288 2950 1339 3028 de
1360 2977 1422 3027 re-

219 3082 221 3087 ’
269 3057 342 3139 bus
367 3062 482 3166 gestis
507 3063 707 3168 interjecta
731 3063 884 3171 prolixe
912 3064 1075 3156 nollem,
1106 3090 1169 3154 ne,
1202 3059 1423 3167 interrupta

271 3198 404 3250 rerum
425 3172 533 3266 serie,
555 3174 662 3281 quod
683 3174 841 3254 Politici
863 3175 1070 3282 Scriptoris
1087 3200 1229 3252 munus
1248 3172 1306 3251 est
1325 3170 1423 3251 His·

271 3283 416 3361 toricus
431 3284 610 3379 invadat3
632 3288 702 3394 qui
722 3286 749 3364 si
767 3286 808 3364 in
827 3286 995 3366 confiliis
1014 3285 1270 3393 explicandis,
1292 3281 1422 3363 fastis-

269 3419 347 3498 que
363 3396 599 3489 enarrandis,
613 3424 690 3476 non
705 3396 818 3476 suum
837 3398 1044 3504 ingenium
1057 3416 1124 3476 aut
1138 3397 1422 3501 conjedturam,

271 3501 335 3580 sed
354 3505 559 3584 veritatem
579 3509 823 3614 potiflimum
849 3508 1036 3616 sequitur,
1062 3508 1219 3587 suarum
1243 3504 1422 3614 profecto

269 3615 443 3720 partium
472 3615 621 3722 satagit.
681 3618 917 3731 Addiderim
940 3638 980 3698 et
1008 3620 1106 3699 illud
1127 3619 1421 3711 Sallustianum,

269 3726 403 3833 quain
425 3752 464 3804 re
485 3726 566 3835 ipse
588 3730 762 3808 Catonem
783 3732 957 3810 maxime
974 3731 1160 3824 laudavit,
1173 3730 1277 3839 posse
1294 3730 1423 3810 multa

269 3838 404 3944 paucis
424 3838 642 3934 absolvere3
673 3841 714 3920 id
732 3841 840 3949 quod
867 3841 945 3921 fine
969 3845 1160 3922 acerrimo
1172 3841 1342 3948 judicio,
1363 3861 1423 3921 at·

268 3976 346 4055 que
367 3951 486 4029 etiam
507 3952 765 4061 temperantias
779 3952 951 4061 quddam
971 3957 1173 4034 neminem
1190 3952 1295 4062 posse
1315 3954 1422 4033 arbi-

268 4077 362 4138 tror.
424 4062 521 4141 Sunt
536 4065 653 4144 multi
672 4065 713 4143 in
729 4065 872 4171 quibus
887 4066 951 4143 vel
967 4063 1152 4146 sermonis
1167 4065 1422 4171 elegantiam,

267 4171 328 4250 vel
360 4173 634 4277 congestarum
659 4203 790 4254 rerum
819 4179 977 4284 copiam
1004 4204 1082 4256 non
1114 4176 1319 4269 defideres,
1351 4179 1423 4285 qui

265 4281 497 4362 brevitatem
517 4313 611 4364 cum
631 4288 745 4395 copia
764 4289 1026 4393 conjunxerit,
1050 4287 1178 4381 idest,
1202 4288 1273 4396 qui
1295 4289 1423 4368 multa

264 4395 397 4500 paucis
413 4394 631 4491 absolverit,
648 4400 830 4506 princeps
849 4426 939 4478 meo
953 4399 1106 4502 judicio
1121 4400 1348 4481 Latinorum
1367 4403 1425 4480 est
