2956 4980
269 254 290 334 3
298 252 348 335 5²
478 208 714 339 Scriptum
739 212 885 302 Dom.
912 203 1206 302 Protestoris.

268 386 335 478 cis,
351 382 519 490 Judaeis,
536 379 697 488 aliisque
717 378 938 460 infidelibus
954 381 1102 472 vetat,*
1117 405 1246 485 eoque
1259 375 1427 456 nomine

269 499 389 576 etiam
409 494 516 602 pacis
535 511 712 601 tempore
732 519 847 571 naves
867 491 948 595 ejus
969 490 1117 569 bellicae
1136 490 1222 569 aliis
1241 489 1364 568 etiam
1381 489 1424 566 in

270 608 366 687 locis
390 622 647 714 praeterquam
676 605 717 683 in
741 602 851 683 India
880 601 1115 682 Occidemali
1132 601 1280 680 nostras
1306 626 1424 678 naves

271 735 460 827 ceperunt
475 735 515 795 et
530 716 768 824 expilarunt,
785 734 824 794 et
838 741 1065 822 quanquam
1085 712 1203 791 simili
1217 739 1331 821 papae
1351 739 1423 788 au-

274 827 458 908 thoritate
490 825 646 934 ejusque
674 826 893 905 donationis
920 825 1035 903 titulo
1056 823 1121 928 jus
1148 825 1189 903 in
1215 822 1329 903 Indos
1353 821 1421 900 fibi

272 940 466 1030 vendicat,
484 937 644 1046 perinde
664 937 770 1044 quasi
790 936 860 1017 fibi
872 936 961 1040 jure
976 935 1096 1015 essent
1112 935 1287 1040 subjedti,
1301 934 1422 1013 etiam

274 1050 347 1142 illi,
368 1050 439 1157 qui
463 1076 590 1156 neque
608 1049 650 1126 in
676 1048 864 1155 potestate
888 1074 1014 1154 neque
1038 1048 1078 1126 in
1104 1045 1181 1126 fide
1209 1045 1292 1151 ejus
1320 1043 1420 1137 sunt,

274 1189 346 1241 nos
370 1179 502 1239 tamen
531 1158 809 1239 authoritatem
835 1158 1025 1265 ejusmodi
1052 1158 1203 1237 nullam
1227 1184 1359 1265 neque
1382 1156 1421 1233 in

246 1296 249 1302 ·
272 1300 388 1380 papa,
410 1299 538 1379 neque
558 1271 598 1348 in
619 1269 813 1379 Hffpaniae
839 1298 931 1377 rege
955 1269 1214 1376 agnoscimus,
1240 1287 1284 1347 ut
1308 1267 1422 1377 poffit

273 1383 337 1462 vel
356 1382 460 1462 Indis
481 1383 546 1487 jus
566 1380 754 1462 libertatis
774 1382 861 1476 suae,
881 1381 944 1460 vel
968 1381 1080 1461 nobis
1101 1374 1329 1461 'concellum
1354 1407 1421 1457 na-

275 1513 369 1574 turae
397 1496 655 1601 gentiumque
684 1493 836 1601 legibus
855 1493 920 1598 jus
944 1491 1117 1572 versandi
1140 1520 1234 1572 cum
1262 1490 1358 1583 illis,
1384 1507 1421 1583 et

275 1607 562 1685 commercium
589 1602 757 1684 habendi
784 1605 971 1696 adimere,
994 1630 1089 1682 cum
1114 1604 1163 1683 iis
1193 1601 1419 1712 praesertim,

277 1716 452 1825 utsupra
478 1717 666 1809 diximus,
690 1719 761 1824 qui
785 1717 826 1794 in
849 1714 1037 1824 potestate
1066 1742 1110 1794 ac
1139 1715 1290 1794 ditione
1321 1714 1420 1820 regis

277 1828 473 1935 Hispaniae
492 1855 570 1907 non
589 1826 690 1905 sunt.

333 1937 519 2024 Alterum
549 1937 882 2045 impedimentum
908 1937 1118 2017 renovandi
1145 1935 1304 2017 soederis
1330 1963 1421 2015 cum

278 2048 456 2157 Hispanis
466 2047 716 2127 manifestum
727 2048 782 2127 est
795 2046 1424 2157 atqueinfignemecnonejusmo-

277 2159 334 2252 di,
348 2177 392 2238 ut
406 2159 542 2266 legatis
556 2185 600 2237 ac
615 2159 801 2239 ministris
813 2159 981 2268 publicis
995 2163 1037 2239 in
1049 2159 1293 2268 Hispanicum
1306 2158 1422 2237 ditio-

277 2297 371 2349 nem
385 2271 449 2350 vel
467 2270 516 2349 de
529 2269 702 2349 amicitia
716 2270 780 2349 vel
791 2272 840 2350 de
854 2269 932 2351 alio
944 2273 1082 2379 quovis
1098 2273 1201 2350 inter
1214 2288 1423 2377 utramque

278 2381 564 2491 rempublicam
584 2382 743 2488 negotio
763 2381 896 2473 miffis,
920 2382 1106 2462 fiduciam
1125 2409 1289 2461 omnem
1313 2382 1423 2461 inco-

278 2491 468 2571 lumitatis
485 2492 680 2601 praecidat,
699 2492 768 2570 ubi
787 2520 857 2571 rex
871 2493 1123 2602 opinionibus
1141 2491 1334 2598 ejusmodi
1353 2490 1423 2571 ob·

279 2601 430 2680 stristus
450 2602 518 2695 est,
535 2622 579 2680 ut
594 2630 664 2710 per
683 2631 745 2682 eas
760 2603 897 2710 legatis
917 2623 956 2683 et
975 2603 1160 2683 ministris
1176 2603 1363 2713 publicis,
1376 2630 1423 2680 ne

278 2713 319 2789 in
344 2712 499 2790 summo
518 2713 606 2790 vitae
625 2714 800 2821 periculo
823 2713 1036 2807 versentur,
1061 2715 1377 2793 incolumitatem
1402 2710 1423 2790 ὲ

278 2822 420 2902 sicariis
439 2822 614 2931 praestare
634 2851 711 2902 non
737 2824 873 2931 posiit:
905 2854 1076 2933 quorum
1094 2826 1174 2931 jus,
1203 2845 1248 2905 ut
1275 2826 1424 2933 princi·

279 2963 378 3043 pum
398 2961 608 3041 rerumque
629 2935 875 3041 publicarum
895 2936 983 3016 usus
1002 2939 1104 3015 inter
1123 2935 1175 3028 se,
1192 2954 1232 3013 et
1251 2937 1426 3015 amicitia

279 3045 539 3138 conservetur,
560 3047 738 3150 gentium
755 3046 843 3150 jure
864 3044 1015 3155 semper
1035 3046 1258 3125 inviolabile
1279 3047 1335 3126 est
1356 3074 1425 3126 ex·

279 3156 510 3248 istimatum,
531 3155 653 3262 iisque
672 3156 781 3262 asylis
801 3158 929 3235 multo
950 3158 1127 3250 sanetius,
1149 3185 1322 3264 quorum
1343 3159 1426 3267 pri·

279 3267 422 3372 vilegia
457 3264 707 3373 (authoritate
743 3266 940 3375 pontilicis
975 3288 1015 3348 et
1047 3271 1223 3349 Romanae
1258 3270 1425 3349 ecclefiae

186 3418 189 3423 ·
278 3375 456 3480 fundata)
478 3377 654 3455 adhibita
674 3376 858 3457 hactenus
880 3376 989 3458 fuere
1012 3379 1061 3457 ad
1084 3379 1322 3459 eludendam
1342 3381 1424 3459 vim

277 3488 413 3591 legum
430 3504 546 3592 atque
559 3487 732 3590 justitiae,
747 3517 868 3596 quam
887 3490 1158 3599 exequendam
1174 3489 1337 3570 subinde
1353 3520 1425 3600 po-

320 3801 342 3842 *
366 3796 526 3860 Gulielmus
557 3794 722 3880 Stephanus
750 3797 942 3887 Bristolenfis,
964 3800 1072 3885 aliique
1096 3816 1281 3866 mercatores
1309 3804 1425 3888 aliquot

279 3881 468 3982 Londinensts
482 3904 564 3946 anno
583 3881 663 3946 1606
679 3900 710 3947 et
729 3888 822 3969 1607,
850 3886 922 3949 crim
937 3909 991 3969 per
1003 3909 1089 3950 oram
1107 3885 1316 3952 Mauritaniae
1330 3891 1425 3954 tribus

277 3993 351 4033 cum
364 3971 490 4033 navibus
505 3969 726 4033 commercium
741 3994 813 4034 cum
829 3972 883 4035 illis
898 3972 1017 4055 populis
1032 3973 1188 4049 haberent,
1205 3973 1368 4061 Hispania
1381 3999 1427 4040 re-

298 4057 321 4117 is
336 4076 441 4133 naves,
456 4078 525 4137 quae
546 4075 599 4136 per
616 4054 665 4117 illa
683 4055 770 4119 litora
791 4056 1013 4138 praedabantur,
1033 4080 1083 4122 eas
1103 4059 1203 4121 nabtae
1221 4059 1251 4122 in
1269 4059 1383 4145 Sopbio
1397 4076 1427 4126 et

276 4079 398 4204 bonate
418 4138 519 4201 Crucis
539 4138 677 4220 statione,
699 4142 773 4204 dum
792 4143 823 4205 in
843 4144 983 4206 anchoris
1003 4145 1043 4206 ibi
1064 4142 1191 4224 stabant,
1212 4144 1427 4229 diripuerunt3

276 4227 334 4289 hac
349 4225 407 4287 sola
422 4224 537 4287 ratione
551 4225 676 4306 reddita,
699 4226 784 4290 Nolle
798 4251 890 4311 regem
905 4229 1047 4292 dominum
1061 4228 1149 4378 {taum
1174 4253 1237 4292 cum
1260 4228 1426 4319 infidelibus

275 4310 467 4374 commercium
484 4310 672 4394 permittere:
703 4336 835 4397 quorum
861 4315 973 4379 danma
993 4317 1123 4398 amplus
1144 4313 1265 4381 duobus
1293 4318 1429 4383 millibus

274 4395 417 4461 librarum
432 4394 578 4461 aestimata
592 4397 668 4481 sunt.
