2956 4980
166 264 217 344 30
567 225 693 319 Artis
720 224 905 353 Logicae
1102 220 1211 317 Lib.
1242 265 1278 319 1.

160 399 251 479 dam
272 396 345 477 elie
363 399 618 478 contendunt.
680 395 833 478 Verum
848 395 942 479 ciam
962 397 1071 479 locus
1086 417 1250 491 externa
1269 398 1311 477 lit

161 511 319 591 affectio
331 508 497 614 cujusvis
510 532 655 592 naturae
667 509 742 589 five
762 538 958 620 corporeae
974 508 1049 590 five
1061 510 1310 619 incorporeae,

162 624 285 703 miror
303 622 400 729 quid
420 623 512 716 illis,
532 623 650 702 Rani
670 622 880 730 praesertim
903 622 1118 731 discipulis,
1137 622 1179 701 in
1201 649 1309 701 men·

161 755 243 815 tem
260 735 424 827 venerit,
437 754 482 814 ut
500 731 594 814 ciam
615 752 859 841 argumenta,
881 736 908 813 i.
922 763 958 813 e.
980 762 1058 813 non
1078 762 1154 827 res,
1169 733 1233 814 sed
1253 762 1310 812 ra-

163 849 288 927 tiones
308 845 524 952 subjectum
543 846 616 926 effe
631 847 788 953 Logicae
803 847 992 941 doceant;
1013 874 1072 943 res
1092 865 1226 927 tamen
1245 863 1309 925 aut

163 987 295 1039 rerum
323 960 561 1038 naturalium
587 958 824 1052 affectiones,
850 977 1020 1054 motum,
1042 959 1193 1052 locum,
1215 978 1309 1039 tem-

163 1099 237 1181 pus
257 1071 297 1148 in
318 1071 467 1178 Logica
488 1072 702 1149 tradandas
722 1068 795 1171 elle
817 1070 1038 1150 statuerent.
1099 1071 1262 1151 Locus
1251 1097 1309 1149 1n-

161 1184 306 1291 quiunt
324 1184 505 1261 omnium
525 1180 689 1262 omnind
703 1209 835 1262 rerum
850 1182 1074 1263 communis
1088 1183 1171 1262 est:
1202 1210 1308 1293 ergo,

163 1296 341 1403 inquam,
361 1295 409 1373 ad
429 1313 553 1374 artem
573 1294 746 1403 aliquam
770 1322 848 1373 non
875 1312 1087 1405 corporum
1106 1295 1309 1388 duntaxat,

163 1407 225 1487 sed
255 1433 383 1486 rerum
413 1406 651 1486 naturalium
677 1406 857 1485 omnium
887 1407 962 1487 five
983 1405 1206 1514 Phyficam,
1225 1406 1310 1487 uni-

161 1519 361 1611 versalem,
383 1547 460 1600 non
486 1520 534 1599 ad
554 1520 746 1625 Logicam
773 1520 967 1627 pertinet:
997 1547 1084 1629 quae
1110 1546 1190 1598 non
1216 1519 1309 1628 quid

163 1631 209 1711 fit
221 1633 364 1723 Locus
379 1631 596 1739 spattumne
608 1658 655 1709 an
672 1630 892 1738 superficres
904 1658 1079 1768 corporrs
1089 1630 1310 1723 ambtenus

32 1798 35 1805 -
163 1742 227 1822 sed
245 1743 448 1851 quomodo
466 1762 603 1849 arguat
622 1770 704 1821 rem
725 1742 908 1836 locatam,
928 1743 969 1821 id
995 1740 1123 1822 solitm
1141 1742 1312 1823 confide·

163 1872 244 1946 rat;
275 1880 419 1964 nempe
438 1874 482 1934 ut
502 1853 718 1961 subjeetum
737 1857 866 1962 arguit
882 1854 1124 1960 adjunctum.

220 1967 381 2046 Tertius
415 1966 555 2047 modus
582 1967 637 2046 est
664 1965 825 2070 subjedti
850 1967 898 2047 ad
925 1968 1048 2047 vel
1013 1995 1118 2047 cuca
1143 1966 1182 2046 se
1214 1966 1311 2047 reci·

163 2078 307 2187 pientis
336 2077 540 2184 adjundla.
571 2108 658 2189 quae
683 2079 830 2158 idcirco
857 2078 1067 2185 adjacentia
1091 2098 1132 2159 et
1154 2079 1312 2160 circum·

150 2190 308 2298 stantia
327 2189 586 2300 appellantur
646 2192 710 2270 Sic
737 2188 859 2271 homo
886 2190 942 2270 est
967 2191 1186 2297 subjeetum
1212 2191 1311 2271 divi-

163 2305 322 2396 tiarum,
349 2304 601 2412 paupertatis,
631 2301 804 2396 honoris,
837 2301 1021 2398 infamiae,
1045 2304 1220 2398 vestitus,
1246 2330 1312 2383 co-

161 2415 338 2508 mitatus,
367 2436 407 2495 et
436 2444 574 2496 eorum
608 2412 689 2494 fere
721 2442 807 2522 quae
834 2415 1017 2495 dicuntur
1046 2415 1312 2505 antecedentia,

165 2526 457 2620 concomitantia,
478 2526 738 2635 catfiquentia,
759 2527 784 2605 fi
808 2555 929 2634 quam
953 2526 1117 2608 omnini)
1137 2527 1314 2607 affectio·

164 2665 257 2717 nem
278 2639 379 2718 inter
398 2637 435 2717 se
456 2636 601 2718 habent
615 2666 690 2716 non
709 2638 982 2732 neceliariam3
1011 2668 1097 2749 quae
1111 2639 1312 2719 causarum

160 2767 202 2829 et
220 2749 451 2830 effectorum
467 2777 628 2859 quaeque
643 2750 691 2829 ab
711 2748 771 2830 his
784 2770 868 2831 orta
882 2750 970 2833 sunt
988 2770 1314 2860 argumentorum

162 2860 317 2942 affectio
344 2863 534 2943 duntaxat
559 2861 633 2941 effe
659 2862 768 2942 solet.
829 2864 1032 2944 Hadlenus
1059 2864 1107 2943 de
1142 2862 1313 2971 subjecto

163 2974 390 3083 recipiente.

220 3088 393 3196 Qartus
414 3087 554 3166 modus
575 3085 630 3164 est
647 3084 806 3190 subjecti
825 3087 1066 3195 occupantis,
1089 3088 1127 3167 in
1148 3115 1232 3195 quo
1250 3088 1313 3166 ni-

165 3199 313 3277 mirum
329 3198 557 3303 adjundlum
569 3217 784 3305 occupatur
799 3217 838 3277 et
854 3218 1081 3278 exercetur:
1103 3219 1222 3307 atque
1237 3198 1314 3279 hoc

75 3352 79 3361 ·
164 3307 323 3417 proprid
341 3307 516 3413 objebium
535 3307 692 3388 dicitur.
744 3311 808 3389 Sic
827 3309 972 3389 senfilia
992 3309 1187 3406 sensuum,
1202 3332 1242 3391 et
1256 3339 1314 3391 res

163 3421 340 3502 virtutib.
361 3448 406 3500 ac
427 3421 531 3499 vitiis
552 3422 768 3529 proposrtae,
783 3421 951 3527 subjedla
966 3423 1154 3503 vitiorum
1175 3444 1216 3503 et
1234 3426 1315 3503 vir-

163 3551 294 3612 tutum
314 3530 391 3612 hoc
410 3531 529 3612 modo
550 3534 815 3613 nominantur.
876 3534 999 3614 Color
1023 3534 1079 3614 est
1097 3535 1315 3641 subjedlum

161 3643 276 3737 visus,
297 3642 410 3724 sonus
427 3644 643 3750 subjectum
661 3645 815 3725 auditus
831 3676 841 3738 ;
870 3647 964 3753 quia
982 3644 1025 3725 hi
1045 3646 1170 3727 sensus
1191 3650 1233 3727 in
1252 3644 1315 3725 his

164 3755 362 3836 sensilibus
396 3774 639 3865 occupantur
673 3777 712 3835 et
745 3778 991 3838 exercentur.
1065 3760 1244 3839 Virtutes
1276 3777 1317 3839 ct

162 3869 257 3947 vitia
289 3868 574 3948 declarantur
563 3894 603 3946 1n
628 3867 782 3948 Ethicis
812 3866 889 3948 hoc
920 3890 1177 3977 argumento.
1211 3891 1314 3951 tem-

162 3982 338 4108 perantia
368 4000 408 4059 et
440 3980 753 4087 intemperantia,
782 3983 1008 4111 voluptateJ
1050 3980 1242 4064 fortitudo
1276 4001 1316 4062 et

161 4092 331 4200 ignavia,
346 4091 556 4201 periculis;
577 4089 785 4172 liberalitas
804 4113 845 4174 et
862 4096 1022 4174 avaritia
1040 4093 1202 4177 divitiis.
1248 4095 1314 4174 Sic

162 4233 222 4284 res
252 4202 506 4283 numerabilis
532 4201 835 4299 Arithmeticae3
871 4205 1155 4299 mensurabilis,
1187 4227 1234 4287 ut
1260 4208 1314 4286 ita

158 4318 304 4409 dicam,
338 4315 577 4394 Geometriae
611 4314 825 4421 subjicitur.
897 4317 1101 4423 Ejusmodi
1141 4318 1313 4424 subjecto

160 4428 289 4510 Cicera
305 4453 328 4511 2
346 4429 491 4538 Agrar.
507 4425 691 4537 disputat,
710 4430 810 4510 inter
827 4431 1033 4539 Campanas
1052 4430 1203 4513 nullam
1218 4458 1316 4513 con·
