2956 4980
157 248 238 328 294
374 213 536 310 Literae
562 207 756 308 Oliverii
781 211 1075 309 Protedtoris.

160 388 256 496 quin
270 387 455 494 Majestas
470 388 593 469 vestra
609 388 658 467 ad
673 386 776 468 hanc
791 414 931 496 pacem
945 386 1104 467 beatam
1119 380 1324 492 impertiri

163 501 272 579 suam
291 527 468 611 operam,
486 528 607 610 quam
628 519 738 608 potes
757 499 992 593 maximam,
1017 517 1059 580 et
1081 495 1212 578 libens
1226 493 1326 573 velit

162 630 202 691 et
213 611 314 691 velle
333 614 499 693 desitura
518 641 596 693 non
618 612 676 693 fit.
737 618 831 719 Qa
845 612 886 690 in
907 638 948 691 re
968 609 1047 721 ipse
1067 610 1191 690 etiam
1206 633 1324 687 com·

163 726 365 805 municare
379 726 536 806 confilia
548 753 644 805 cum
659 723 866 830 Majestate
881 723 1006 806 vestra
1017 742 1137 832 atque
1153 718 1323 825 conjun-

164 863 257 943 gere
287 838 542 945 paratiffimus
571 866 661 933 ero;
699 854 836 946 utpote
866 856 908 915 et
936 863 1072 916 veram
1099 833 1323 914 amicitiam

166 947 369 1057 profeffus,
399 968 439 1029 et
466 951 533 1029 cui
561 977 641 1028 non
669 947 797 1028 solum
823 950 981 1059 pactam
1007 949 1109 1028 inter
1137 972 1212 1026 nos
1241 961 1324 1023 tam

166 1059 363 1170 auspicato
383 1060 530 1140 servare
551 1089 689 1169 pacem
708 1059 971 1153 deliberatum
989 1059 1154 1140 omnino
1175 1056 1237 1150 fit,
1253 1082 1324 1134 ve-

167 1201 257 1253 rum
276 1173 396 1252 etiam
411 1174 733 1254 neceffitudinem
744 1171 861 1267 hanc,
874 1201 961 1281 quae
977 1198 1082 1251 nunc
1099 1167 1323 1260 intercedit,

167 1303 285 1394 prout
305 1286 416 1366 Deus
445 1284 673 1366 facultatem
703 1284 827 1379 dabit,
857 1284 1012 1365 ardtiori
1035 1281 1197 1363 vinculo
1227 1306 1324 1359 con-

168 1398 369 1504 stringere.
430 1399 544 1478 Idem
564 1400 675 1479 Deus
697 1398 856 1478 interim
882 1396 1081 1504 Majestati
1101 1391 1240 1474 vestrae
1267 1390 1323 1470 se-

168 1512 296 1589 cunda
316 1537 360 1589 ac
380 1510 562 1619 prospera
581 1511 713 1589 omnia
734 1509 935 1591 concedat.

226 1620 440 1702 Dabuntur
457 1651 502 1703 ex
521 1622 630 1702 Aula
649 1621 771 1731 nostra
793 1617 1108 1730 Westmonasterii.

454 1733 629 1815 Decemb.
651 1763 714 1814 an.
743 1735 789 1814 16
795 1736 861 1840 56.

340 1842 537 1951 Majestati
557 1845 688 1925 vestrae
706 1846 895 1940 amicitia,
915 1843 1062 1926 foedere
1082 1870 1128 1923 ac
1148 1870 1221 1923 vo·

474 1960 476 1967 ’
526 1959 676 2039 luntate
695 1956 1044 2066 conjunctiffimuS,

414 2069 620 2163 Olriuerius,
640 2072 841 2152 Protector
861 2069 1035 2179 Reipub.
1055 2069 1230 2177 Angliae,
1248 2069 1323 2147 duc.

176 2341 377 2423 oliverius
409 2341 961 2455 Proten.Re1pub.Angliae,
994 2340 1072 2421 δῖε.
1107 2337 1327 2445 Serenffmo

232 2455 534 2566 Illustrfflmoque
561 2456 739 2566 Principi
758 2485 804 2537 ac
829 2454 1002 2546 Domino,
1028 2450 1187 2532 Domino
1207 2450 1327 2529 Guli-

232 2566 338 2646 elmo
367 2569 506 2674 Hasp’ae
526 2570 764 2675 Langravio,
791 2567 970 2675 Principi
990 2561 1233 2671 Hertfeldiae,
1257 2568 1328 2645 Co-

232 2677 318 2755 miti
341 2678 379 2758 in
414 2680 702 2775 Cattimeliboco,
728 2680 852 2763 Decia
884 2677 1110 2787 Lr'genlrain,
1137 2674 1271 2755 Nidda
1294 2691 1329 2755 et

236 2789 527 2900 Schaumburgo,
548 2794 625 2874 &c.

262 2955 506 3035 Sereniffime
529 2957 741 3065 Princeps;

290 3081 329 3158 D
352 3078 481 3158 literas
503 3079 756 3159 Celsrtudinis
775 3077 907 3157 vestrae
926 3103 1005 3157 non
1025 3074 1076 3154 fic
1099 3073 1222 3153 altero
1246 3070 1335 3181 post

319 3219 435 3284 anno,
463 3192 571 3299 quod
600 3219 725 3301 prope
748 3189 835 3296 jam
853 3189 990 3298 pudet,
1017 3183 1335 3294 rescripfiffemus

178 3302 248 3381 nisi
269 3329 337 3382 nos
357 3304 572 3383 admodum
592 3305 735 3384 invitos
754 3302 952 3412 permulta
971 3297 1072 3393 sani,
1095 3325 1220 3406 eaque
1241 3324 1335 3404 gra-

178 3413 344 3509 vissima,
357 3443 527 3522 quorum
541 3443 692 3508 curam,
700 3444 771 3525 pro
785 3415 913 3494 nostro
927 3415 968 3492 in
975 3410 1134 3521 Repub.
1150 3436 1333 3502 munere,

178 3524 336 3605 differre
361 3554 439 3605 non
466 3529 684 3637 potuimus,
712 3524 1030 3636 interpellassent.
1091 3524 1192 3630 Qae
1223 3522 1335 3600 enim

179 3636 299 3717 literae
329 3639 522 3719 debebant
549 3640 623 3720 effe
655 3642 768 3721 nobis
800 3641 1002 3747 gratiores,
1036 3632 1157 3743 quim
1190 3660 1280 3740 quae
1313 3661 1336 3711 a

180 3751 364 3861 Principe
378 3753 674 3860 religiosissimo,
689 3752 900 3858 majoribus
919 3776 1079 3858 quoque
1100 3745 1339 3852 religiofiffi-

180 3863 255 3942 mis
270 3884 371 3957 orto,
392 3866 440 3944 de
461 3894 555 3973 pace
574 3865 812 3972 Religionis,
826 3866 955 3972 deque
969 3860 1177 3941 concordia
1191 3859 1336 3938 Eccle-

180 3975 320 4053 srarum
351 3977 594 4056 concilianda
621 3976 708 4057 sunt
739 3976 913 4086 scriptae;
945 4002 1032 4082 quae
1063 3973 1184 4052 etiam
1215 3971 1339 4050 literae

180 4087 349 4166 eundem
374 4088 489 4198 plani
514 4091 708 4183 animum,
730 4090 837 4169 idem
862 4088 968 4199 pacis
989 4084 1220 4165 Christianae
1240 4111 1338 4192 pro·

180 4200 380 4279 movendae
400 4201 572 4280 studium
592 4230 670 4281 non
692 4201 818 4281 solum
839 4200 921 4294 suo,
942 4197 1222 4279 verumetiam
1245 4199 1339 4275 uni-

179 4312 274 4390 versr
308 4310 388 4391 fere
422 4313 526 4394 orbis
563 4313 779 4393 Christiani
811 4314 999 4422 opinione
1030 4338 1075 4390 ac
1099 4308 1268 4416 judicio,
1298 4328 1340 4388 et

179 4423 266 4531 ipsae
300 4426 412 4505 nobis
448 4427 641 4521 tribuunt,
672 4446 712 4506 et
748 4425 959 4506 universim
992 4422 1228 4503 attributum
1260 4420 1338 4502 effe
