2956 4980
276 240 356 346 ¹5⁶
680 229 808 323 Artis
832 228 1017 358 Logicae
1218 225 1327 324 Lib.
1352 265 1392 324 2.

329 401 519 481 Praeterea
538 402 578 480 in
600 401 834 510 quibusdam
853 403 1062 511 exemplis,
1087 430 1260 511 quorum
1279 431 1430 513 propo-

267 513 356 593 fitio
376 513 431 592 est
452 515 667 623 reciproca,
687 516 842 595 videtur
863 516 1064 596 interdum
1088 515 1335 624 syllogismus
1359 517 1431 595 iste

265 623 412 705 habere
441 625 746 736 assumptionem
777 646 984 735 negatam
1015 624 1111 708 cum
1138 628 1357 709 dicendum
1384 628 1432 708 fit

266 739 414 849 potius,
429 759 558 847 partes
570 740 844 849 propositionis
857 740 1025 820 inverti?
1045 768 1132 849 quae
1148 741 1175 820 fi
1192 743 1231 820 in
1245 740 1432 821 ordinem

265 869 515 946 revocentur,
529 850 773 960 syllogismus
786 853 862 931 erit
873 853 913 932 in
930 853 1058 960 prima
1070 851 1197 962 specie
1210 852 1429 961 explicati:

269 982 315 1044 ut
328 962 450 1070 Joan.
466 963 505 1042 8.
520 988 589 1069 47.
629 965 710 1072 Qui
725 994 770 1045 ex
789 965 873 1045 Deo
892 967 954 1070 ss,
974 963 1092 1045 verba
1109 965 1193 1047 Dei
1205 963 1344 1045 audit.-
1364 994 1433 1045 vos

267 1105 314 1154 ex
334 1075 417 1155 Deo
435 1104 505 1156 non
525 1076 605 1182 estis
611 1105 625 1168 ;
644 1104 731 1184 ergo
745 1075 865 1157 verba
877 1077 960 1158 Dei
974 1106 1045 1157 non
1062 1076 1214 1158 auditis.
1275 1076 1431 1185 Propo·

269 1186 356 1268 s1tio
376 1187 604 1267 invertenda
620 1188 700 1268 est:
732 1189 800 1299 qui
822 1186 941 1269 verba
960 1189 1043 1271 Dei
1066 1188 1188 1283 audit,
1217 1187 1251 1269 is
1278 1218 1325 1268 ex
1346 1191 1432 1272 Deo

268 1300 346 1408 est:
367 1328 434 1379 vos
451 1329 520 1381 non
540 1299 620 1409 estis
638 1330 683 1381 ex
699 1303 806 1393 Deo,·
827 1329 913 1409 ergo
926 1301 1045 1382 verba
1060 1302 1142 1384 Dei
1156 1332 1226 1383 non
1244 1300 1401 1382 audito.

382 1649 508 1733 CAP.
529 1649 652 1729 XIII.
697 1651 762 1731 De
782 1649 988 1760 Syllogffmo
1008 1680 1162 1733 connexo
1174 1651 1313 1762 primo.

512 1799 821 1910 Adhucstmplex
830 1798 1063 1912 syllogffmus
1072 1800 1178 1910 fuit.

279 1992 419 2144 pyr<
472 1975 514 2052 Y
507 1973 688 2081 llogismus
713 1972 921 2083 composttus
942 1973 991 2084 est
1003 1972 1235 2085 syllogismus
1257 1971 1327 2054 ubi
1347 1992 1432 2056 tota

321 2060 403 2177 ,lla
497 2086 642 2196 quaestio
657 2086 706 2194 est
717 2105 815 2195 pars
828 2087 951 2166 altera
963 2087 1214 2196 propofitr'onir
1225 2086 1432 2196 ‹firmatae

332 2294 339 2306 ,
350 2200 384 2316 2
404 2188 459 2306 ⁴4,
497 2216 535 2280 et
549 2199 775 2307 composttae;
793 2216 1052 2306 argumentum
1065 2199 1113 2307 est
1124 2217 1221 2310 pars
1236 2199 1401 2310 reliqua.

362 2290 454 2345 “Q
555 2312 692 2419 Negat
712 2310 794 2390 Ari
819 2311 926 2390 oteles
949 2310 1073 2390 ullam
1103 2311 1177 2392 esse
1210 2310 1434 2420 syllogismi

267 2421 437 2531 speciem
458 2441 595 2533 praeter
615 2444 689 2504 tres
705 2423 874 2530 figuras:
896 2441 1078 2505 ettamen
1095 2424 1174 2534 ipse
1188 2422 1284 2533 saepe
1300 2425 1433 2505 utitur

268 2536 501 2645 compofito,
528 2537 597 2642 qui
622 2535 670 2616 ad
703 2536 853 2615 nullam
882 2562 932 2614 ex
965 2534 1088 2616 tribus
1121 2535 1256 2645 figuris
1287 2533 1433 2620 referri

270 2647 412 2755 potest.
471 2644 624 2726 Verum
654 2648 755 2743 usus,
781 2649 957 2758 optimus
980 2648 1180 2757 magister,
1205 2649 1339 2743 docet,
1364 2649 1433 2729 sae-

270 2760 359 2869 pius
373 2760 414 2838 in
433 2760 639 2838 communi
660 2759 871 2840 hominum
892 2759 1069 2840 sermone
1084 2789 1129 2841 ac
1148 2760 1431 2870 disputationi-

268 2870 600 2981 bus,compofitos
612 2870 788 2952 adhiberi
804 2872 1058 2981 syllogismos,
1066 2869 1187 2983 quim
1202 2872 1426 2983 fimplices:

270 3002 316 3065 ut
328 2985 399 3092 qui
411 2984 554 3064 multas
567 2985 810 3093 quaestiones,
824 2986 951 3065 multa
966 3005 1197 3092 argumenta
1211 2987 1430 3068 commodd

270 3097 356 3175 satis
384 3097 604 3206 disponant,
640 3125 726 3206 quae
756 3096 969 3206 syllogismi
1000 3098 1194 3208 simplices
1221 3096 1426 3208 respuunt.

270 3205 536 3317 Theophrastus
559 3210 680 3290 etiam
704 3229 744 3291 et
770 3209 968 3303 Eudemus,
993 3208 1204 3319 Arssotelrl
1225 3209 1427 3321 discipuli,

268 3322 366 3428 quin
386 3320 507 3400 etiam
521 3322 649 3416 Stoici,
670 3340 709 3402 et
725 3324 811 3432 post
827 3350 892 3402 eos
907 3322 1036 3403 Cicero
1051 3340 1091 3402 et
1102 3323 1295 3417 Boi'thius,
1309 3322 1426 3403 usum

267 3451 546 3541 praeceptorem
566 3434 700 3529 secuti,
716 3435 954 3544 compofitos
974 3461 1053 3515 non
1072 3433 1302 3516 omiserunt.
1328 3428 1427 3544 'syl-

269 3544 456 3652 logismus
476 3565 610 3626 autem
629 3547 865 3657 compofitus
886 3547 1031 3626 dicitur
1050 3573 1129 3627 non
1149 3565 1230 3627 tam
1244 3548 1354 3655 quod
1373 3576 1425 3628 ex

266 3659 492 3767 compositis
507 3661 729 3754 axiomatis,
746 3676 892 3739 namet
912 3659 1077 3768 fimplex
1095 3661 1222 3768 potest
1242 3687 1293 3738 ex
1309 3687 1425 3740 com-

267 3770 415 3878 pofitis,
451 3772 642 3851 nimirum
674 3772 803 3852 relatis
833 3772 1020 3866 constare,
1056 3771 1121 3851 sed
1151 3768 1174 3852 al
1202 3773 1423 3883 compofita

268 3882 515 3991 dispofitione
542 3884 762 3991 quaestionis
787 3883 905 3963 totius
931 3912 1024 3964 cum
1048 3885 1165 3964 tertio
1184 3904 1422 3992 argumento

268 3993 309 4072 in
323 3995 607 4103 propofitione3
630 3996 733 4075 unde
745 3995 953 4104 assumptio
967 4015 1047 4076 tota
1059 3997 1181 4076 etiam
1194 3996 1420 4092 assumitur3

268 4124 308 4185 et
331 4106 527 4185 conclusio
553 4130 632 4186 non
660 4109 804 4216 partim
828 4136 878 4187 ex
907 4109 1172 4218 propofitione
1196 4111 1346 4218 partim
1372 4139 1421 4190 ex

267 4217 540 4327 assumptione,
553 4218 616 4298 sed
633 4238 714 4300 tota
729 4249 779 4299 ex
795 4219 1058 4329 propositione
1072 4221 1306 4303 deducitur:
1329 4250 1422 4333 pro-

266 4331 406 4439 pofitio
459 4331 566 4409 enirn
610 4328 704 4412 clun
747 4333 791 4412 fit
839 4334 1067 4443 compofita,
1110 4333 1206 4414 duas
1249 4334 1418 4444 reliquas

267 4442 479 4553 syllogismi
499 4464 626 4552 partes
648 4444 750 4552 (quae
769 4421 966 4526 axionlata
985 4445 1177 4557 fimplicia
1196 4445 1303 4556 sunt)
1323 4473 1420 4528 con-
