2956 4980
167 251 247 338 394
485 206 699 342 Epistolae
727 206 1009 305 Familiares.

161 387 352 479 tenebras,
372 384 555 492 fingulari
571 383 764 463 Numinis
783 382 1041 489 benignitate,
1062 382 1167 461 inter
1185 383 1315 462 otium

160 519 200 581 et
226 499 365 591 studia,
392 493 583 603 voce‘sque
610 498 846 588 amicorum,
876 512 916 573 et
945 492 1208 588 salutationes,
1239 495 1316 575 illis

160 609 370 692 lethalibus
382 608 512 688 multo
524 607 599 687 effe
614 608 805 687 mitiores.
868 606 991 717 Qod
1009 606 1051 699 fi,
1064 624 1109 685 ut
1122 605 1315 716 scriptum

161 724 231 817 est,
252 750 332 801 non
350 721 430 800 solo
450 747 551 829 pane
571 720 677 800 vivet
699 715 836 810 hom0,
862 718 926 797 sed
949 719 1062 797 omni
1079 718 1201 797 verbo
1222 745 1316 825 pro-

159 836 304 915 deunte
325 860 395 941 per
415 859 457 910 os
477 831 569 922 Dei,
597 832 694 938 quid
718 830 786 924 est,
813 857 883 911 cur
907 830 995 938 quis
1015 831 1056 908 in
1076 827 1153 908 hoc
1175 830 1316 909 itidem

160 974 240 1026 non
259 943 490 1052 acquiescat,
511 969 591 1021 non
611 942 699 1022 solis
723 942 760 1020 se
780 941 919 1034 oculis,
945 940 1008 1020 sed
1029 941 1111 1021 Dei
1124 941 1247 1021 ductu
1268 969 1316 1019 an

160 1057 406 1167 providentia
423 1054 508 1132 satis
524 1053 727 1133 oculatum
743 1052 831 1132 else.
883 1054 981 1133 Sane
997 1052 1218 1132 dummodo
1235 1051 1316 1161 ipse

160 1165 264 1247 mihi
279 1166 480 1276 prospicit,
495 1164 575 1273 ipse
591 1163 694 1243 mihi
710 1165 903 1272 providet,
917 1164 1024 1272 quod
1044 1162 1155 1257 facit,
1169 1192 1316 1273 meque

162 1307 232 1388 per
250 1306 414 1359 ornnem
426 1277 549 1355 vitam
562 1277 668 1383 quasr
685 1305 804 1356 manu
821 1277 932 1356 ducit
943 1295 1060 1382 atque
1077 1275 1253 1369 deducit,
1268 1303 1316 1354 ne

162 1419 237 1499 ego
251 1418 360 1470 meos
376 1387 526 1481 oculos,
543 1389 864 1496 quandoquidem
880 1388 950 1496 ipfi
968 1387 1019 1466 fic
1034 1386 1160 1466 visum
1178 1388 1249 1480 est,
1266 1388 1316 1466 li·

162 1502 257 1583 bens
272 1500 404 1581 feriari
416 1498 573 1606 jussero.
634 1501 792 1607 Teque,
809 1501 867 1578 mi
880 1500 1059 1591 Philam,
1074 1527 1318 1608 quocunque

161 1643 222 1694 res
241 1614 441 1705 ceciderit,
466 1636 543 1690 non
568 1613 700 1692 minus
726 1611 819 1691 forti
842 1629 883 1690 et
908 1611 1141 1690 confirmato
1163 1613 1313 1703 animo,

162 1726 331 1834 quamsi
352 1727 521 1832 Lynceus
541 1723 673 1817 essem,
695 1722 822 1802 valere
835 1723 971 1827 jubeo.

247 1834 568 1945 Wcstmonasteria
591 1836 791 1947 Septemb.
817 1833 883 1914 28.
912 1834 1030 1940 1654.

501 2236 562 2315 16.
600 2234 719 2313 Leoni
734 2233 782 2313 ab
802 2235 979 2313 Aizema.

247 2400 460 2504 Ergratum
481 2399 536 2478 est
556 2398 720 2478 eandem
741 2395 870 2477 adhuc
890 2397 1126 2477 memoriam
1147 2398 1316 2477 retinere

277 2528 314 2587 te
335 2512 430 2603 mei,
451 2539 572 2617 quam
592 2529 702 2588 autea
728 2508 1056 2602 benevolentiam,
1086 2509 1184 2589 dum
1212 2512 1316 2617 apud

162 2644 232 2695 nos
252 2648 348 2712 eras,
372 2650 434 2699 me
460 2622 577 2700 semel
603 2640 720 2729 atque
745 2622 889 2699 iterum
917 2621 1130 2713 invisendo,
1165 2620 1316 2728 perhu-

161 2732 329 2810 maniter
346 2732 579 2839 srgnificasti.
640 2736 705 2811 Ad
721 2732 890 2812 Librum
906 2734 1012 2840 quod
1029 2733 1168 2811 attinet
1183 2733 1232 2812 de
1254 2733 1316 2812 di-

161 2843 310 2936 vortiis,
324 2873 445 2952 quem
462 2846 605 2924 dediffe
626 2863 663 2923 te
679 2845 838 2923 cuidam
851 2845 1070 2925 Hollandice
1081 2845 1316 2924 vertendum

162 2951 308 3048 scribis,
330 2958 491 3036 mallem
509 2956 696 3064 equidem
716 2957 857 3035 Latine
876 2957 1108 3036 vertendum
1128 2956 1316 3035 dediffes:

71 3131 73 3135 Α
164 3066 274 3145 Nam
302 3068 442 3174 vulgus
475 3071 679 3178 opiniones
705 3069 883 3147 nondum
906 3069 1098 3176 vulgares,
1124 3068 1317 3174 quemad-

162 3178 326 3256 modum
343 3182 525 3290 excipere
540 3180 670 3272 soleat,
685 3180 723 3257 in
739 3181 785 3258 iis
798 3180 906 3258 libris
919 3199 1103 3287 expertus
1113 3179 1199 3283 jam
1213 3179 1316 3259 sum.

161 3289 262 3368 Tres
283 3293 391 3370 enim
411 3321 456 3371 ea
476 3293 524 3371 de
550 3321 591 3371 re
616 3295 797 3370 tractatus
821 3291 920 3370 olim
945 3292 1099 3400 scripfi:
1131 3291 1317 3370 Primum

160 3399 312 3479 duobus
326 3403 469 3497 Libris,
484 3405 627 3511 quibus
641 3404 833 3482 Dodrina
848 3422 887 3481 et
903 3402 1123 3511 Disciplina
1139 3402 1315 3496 divortii,

161 3510 193 3589 is
213 3513 320 3589 enim
337 3514 437 3592 libro
455 3517 590 3594 titulus
610 3515 679 3606 est,
696 3512 836 3593 diffuse
850 3515 1096 3594 continetur:
1128 3515 1316 3594 Alterum

159 3621 229 3727 qui
255 3624 523 3704 lbtraclrordon
545 3626 781 3718 inscribitur,
805 3627 905 3705 etin
925 3654 1005 3732 quo
1025 3645 1194 3733 quatuor
1214 3655 1315 3733 prae-

159 3734 276 3841 cipua
295 3735 379 3815 loca
396 3737 603 3845 Scriptura
622 3737 733 3846 supra
753 3765 797 3816 ea
817 3738 993 3817 doctrina
1013 3765 1099 3843 quae
1118 3736 1221 3828 sunt,
1243 3766 1316 3817 ex·

159 3845 379 3953 plicantur:
406 3850 607 3942 Tertium,
623 3849 857 3957 Colasterion,
871 3850 911 3928 in
927 3877 1007 3955 quo
1022 3848 1180 3929 cuidam
1196 3849 1316 3928 Sciolo
1386 3891 1387 3896 ,

160 3956 426 4064 respondetur.
489 3967 625 4069 Qem
653 3958 798 4041 horum
822 3962 1056 4040 Tractatum
1078 3960 1315 4040 vertendum

159 4068 324 4161 dederis,
341 4100 509 4179 quamve
530 4074 761 4165 editionem,
783 4073 935 4166 nescio;
958 4100 1049 4152 nam
1069 4101 1208 4151 eorum
1230 4072 1315 4181 pri-

159 4208 247 4260 mus
268 4181 326 4260 bis
342 4185 469 4263 editus
488 4185 557 4277 est,
583 4205 622 4263 et
648 4185 850 4292 posteriori
871 4185 1044 4263 editione
1068 4185 1197 4263 multo
1219 4211 1315 4263 auc-

159 4294 249 4371 tius.
311 4299 403 4406 Qa
418 4296 465 4373 de
482 4325 523 4374 re
537 4297 607 4375 nisr
623 4299 764 4375 certior
772 4296 855 4400 jam
873 4294 995 4376 fastus
1013 4297 1073 4390 fis,
1085 4315 1152 4376 aut
1169 4297 1195 4375 fi
1212 4296 1312 4403 quid

158 4400 179 4482 a
199 4432 264 4484 me
280 4407 386 4486 aliud
403 4407 503 4485 velle
522 4427 558 4486 te
575 4408 821 4500 intellexero,
840 4427 882 4486 ut
899 4410 960 4487 vel
975 4409 1207 4487 Editionem
1223 4435 1315 4487 cor-
