2956 4980
306 109 470 205 Literae
496 114 688 205 Senatus
713 107 983 241 Anglicani.
1142 150 1220 228 219

78 308 161 365 nem
187 283 305 391 Regis
327 282 472 365 Daniae
494 303 535 363 et
563 286 780 393 Norwegiae
804 285 1012 369 habuerint
1042 291 1222 398 portorii,

81 398 223 490 tributi,
248 395 398 489 census,
418 397 620 504 vestigalis
646 419 715 477 ant
740 398 921 508 stipendii
948 400 1114 505 cujusvis
1134 402 1223 511 plus

77 508 334 618 inposterum
353 535 432 586 non
453 507 598 588 solvere
619 531 687 588 aut
705 510 783 589 alio
802 513 941 619 quovis
961 514 1081 593 modo
1103 532 1222 621 atque

69 621 241 731 populus
271 618 554 703 soederatarum
588 621 714 729 Belgii
742 624 1062 719 Provinciarum,
1097 626 1221 705 aliave

10 816 12 823 ,
66 735 216 841 quevis
231 734 348 813 natio
372 751 534 813 externa
559 735 775 813 minimum
799 736 882 815 illic
903 736 1049 816 solvens
1070 764 1222 817 merca-

64 861 281 956 turamque
308 843 525 939 facienes
550 845 664 925 solvit
687 866 753 927 aut
778 846 948 928 solutura
971 848 1041 942 est,
1058 851 1221 958 parique

53 952 149 1039 frui
166 977 208 1038 et
224 955 336 1067 aequi
354 958 489 1066 ampla
505 959 684 1038 libertate
700 959 916 1067 privilegiis
930 981 970 1040 et
989 961 1222 1042 immunita-

51 1070 190 1169 tibus,
218 1098 315 1151 cum
335 1071 385 1149 ¹in
412 1070 596 1164 adventu,
622 1089 709 1150 tum
729 1073 779 1150 .in
809 1073 937 1152 reditu
964 1092 1006 1152 et
1031 1074 1224 1180 quamdiu

44 1176 153 1263 illic
180 1181 548 1287 commorabuntur,
578 1183 620 1260 in
651 1183 797 1291 piscatu
829 1187 964 1277 etiam,
979 1205 1222 1280 mercatura,

40 1310 187 1405 atque
202 1295 286 1374 alio
305 1292 542 1403 quocunque
558 1295 695 1388 modo,
710 1324 790 1404 quo
806 1296 924 1376 ullius
939 1316 1081 1375 extera
1095 1299 1223 1404 gentis

44 1408 243 1518 populus
255 1408 298 1486 in
306 1407 503 1515 praedietis
519 1407 648 1514 regnis
666 1426 824 1516 totaque
840 1409 988 1489 ditione
1001 1409 1096 1488 dieti
1109 1410 1226 1516 Regis

45 1520 216 1600 Danaa
238 1538 278 1598 et
302 1519 519 1626 Nanwegia
542 1518 687 1599 fruitur
711 1539 778 1598 aut
802 1518 881 1599 frui
906 1539 1047 1630 queat;
1079 1522 1225 1629 quibus

45 1628 211 1712 itidem
244 1631 460 1740 privilegiis
494 1632 701 1742 populares
729 1633 844 1739 Regis
876 1633 1019 1713 Danria
1045 1652 1085 1712 et
1117 1635 1224 1713 Nor-

42 1744 201 1853 ·zoegiae
219 1771 290 1855 per
309 1772 447 1824 omnes
468 1745 693 1824 Provincias
712 1772 758 1825 ac
780 1745 973 1826 ditionem
997 1746 1226 1855 Republica

50 1857 229 1965 Angliae
248 1857 395 1964 pariter
414 1854 605 1936 fruentur.

54 2242 276 2325 Concilium
301 2244 436 2323 Status
456 2240 614 2353 Reipub.
643 2241 799 2349 Angliae
810 2240 1029 2350 serenffmo
1051 2243 1229 2352 Principi

126 2355 555 2562 &pistrplffiginando
580 2354 755 2448 Secundo,
778 2357 923 2463 Magno
943 2355 1054 2437 Duri
1074 2358 1225 2435 Hetru-

156 2631 402 2712 Sereniffime
425 2632 626 2741 Princeps,
647 2632 791 2710 Amice
813 2629 1061 2725 Chariffime,

171 2756 356 2838 Oncilium
377 2758 523 2848 Status,
544 2756 704 2862 cognito
721 2752 801 2834 tim
818 2783 888 2863 per
902 2758 1114 2834 Oratorem
1129 2756 1226 2833 Cel-

197 2870 373 2948 fitudinis
398 2869 543 2947 Vestrae
567 2867 633 2946 hic
657 2886 986 2959 commorantem,
1010 2894 1131 2975 quarn
1156 2895 1226 2975 per

67 2984 250 3064 carolum
263 2979 523 3087 Longlandum
534 2980 809 3060 Mercatorum
822 2979 1087 3086 Anglicorum
1100 3005 1224 3085 nego-

61 3094 126 3173 tia
149 3092 321 3175 Liburni
345 3111 636 3202 procurantem,
665 3110 811 3201 quanta
835 3119 929 3170 cum
954 3091 1224 3170 benevolentia

70 3232 117 3285 ac
142 3205 221 3287 fide
249 3205 450 3286 Celsrtudo
470 3204 608 3285 Vestra
627 3205 787 3284 navium
807 3204 1069 3311 Anglicarum
1089 3204 1130 3282 in
1150 3203 1224 3281 Li-

71 3317 298 3424 burnierffem
311 3337 470 3427 portum
485 3316 521 3395 se
535 3319 811 3425 recipientium
825 3317 988 3395 tutelam
1003 3315 1224 3424 susceperit,

72 3449 208 3511 contra
223 3431 428 3538 Belgarum
443 3457 557 3508 naves
574 3430 817 3539 praedatorias
831 3429 1001 3507 exitium
1019 3429 1095 3508 illis
1107 3447 1224 3535 atque

72 3542 335 3652 direptionem
367 3542 607 3635 minitantes,
639 3541 761 3623 literis
790 3540 1097 3648 undetrigesimo
1123 3541 1225 3645 Julii

73 3655 179 3736 datas
192 3655 305 3763 (quas
320 3655 367 3734 ad
382 3654 667 3734 Celfitudinem
679 3653 874 3746 Vestram,
884 3652 1121 3758 jamdudum
1133 3681 1223 3760 per-

73 3767 215 3848 venisse
229 3768 372 3878 sperat)
391 3766 621 3875 significavit
634 3795 755 3876 quam
771 3766 811 3845 id
828 3765 898 3845 fibi
913 3785 1072 3872 gratum
1086 3791 1225 3874 accep-

73 3900 241 3990 tumque
261 3881 469 3974 accidisset,
485 3881 704 3988 eodemque
720 3899 899 3988 tempore
919 3878 1107 3987 scriptum
1130 3879 1226 3957 Par-

72 3993 239 4075 lamenti
269 3993 515 4103 Reipublicae
546 3992 702 4100 Angliae
735 3994 784 4071 de
822 3991 1092 4072 controversiis
1125 3991 1227 4072 inter

73 4103 175 4186 hanc
214 4105 395 4217 Rempub.
435 4125 476 4186 et
510 4105 729 4187 Foederatas
768 4104 895 4212 Belgii
923 4104 1149 4184 Provincias
1185 4105 1226 4182 in

73 4217 274 4329 praesentia
297 4221 444 4299 exortis
466 4217 514 4297 ad
541 4221 799 4299 serenitatem
819 4216 988 4298 vestram
1011 4213 1088 4295 uni
1107 4215 1225 4295 mifit.

73 4334 265 4442 Cumque
296 4332 424 4411 rursus
455 4359 523 4440 per
554 4333 726 4412 eundem
760 4332 935 4411 Carvium
969 4326 1227 4434 Longlandum
