2956 4980
165 240 247 347 3⁶⁶
372 226 610 355 Scriptum
635 228 782 320 Dom.
809 229 1104 322 Protedmia

162 402 395 493 communi;
431 426 559 508 neque
584 399 637 478 de
665 420 727 479 tot
750 400 967 479 seminariis
994 399 1243 479 sacerdotum
1272 428 1318 478 ac

156 512 391 617 jesuitarum
413 511 661 619 Anglicom
690 512 762 591 sub
784 513 1061 622 Hrspm'cvpc
1063 513 1233 592 trociuio
1256 514 1316 591 ni-

162 623 634 750 dulantiumoffenfionis
643 624 988 734 caufietpemuli
995 624 1212 732 gianffimi
1223 623 1318 704 lime

164 737 391 847 reipublicae
418 737 600 849 propria;
628 764 725 815 cum
753 738 1001 865 propositum
1022 736 1139 816 uobis
1167 738 1316 845 potiffi-

167 877 282 929 mum
308 849 355 929 fit
378 848 768 929 controversiamm
755 876 799 928 ιιι
830 848 1068 929 occidentali
1090 848 1205 929 India
1230 848 1312 929 nos-

165 981 317 1041 trarum
352 960 484 1042 causas
520 981 563 1040 et
598 964 769 1041 rationes
805 989 1019 1071 exponere.
1091 962 1191 1040 Hoc
1224 961 1317 1040 verd

163 1071 399 1180 aequioribus
408 1072 1318 1183 cunctisetiucorruptisrerumaestimatoribus

164 1185 329 1294 planum
352 1183 481 1264 fecisse
503 1183 757 1279 confidimus,
779 1186 1059 1278 occellintem,
1082 1186 1317 1265 existimati-

165 1325 301 1390 onem,
321 1297 516 1403 justitiam
534 1298 584 1375 ad
603 1296 707 1377 lianc
729 1325 857 1407 nuper
879 1297 1096 1407 susceptam
1117 1301 1315 1407 expediti—

164 1437 286 1489 onem
314 1437 386 1491 nos
413 1408 607 1503 evocasse3
640 1410 920 1504 neceflitatem,
948 1411 1181 1490 bellandum
1207 1413 1315 1490 enim

165 1522 374 1602 necessario
399 1522 470 1615 est,
494 1522 522 1600 fi
547 1550 617 1629 per
641 1522 826 1631 Hispanos
850 1551 991 1632 pacem
1012 1523 1143 1602 colere
1167 1551 1247 1603 non
1268 1525 1314 1602 li-

164 1654 257 1728 cet;
292 1634 626 1713 existimationem
654 1654 772 1743 atque
797 1634 1007 1740 justitiam,
1040 1656 1181 1716 neutra
1208 1637 1314 1715 enim

164 1744 309 1825 harum
328 1746 441 1828 nobis
459 1745 634 1826 constare
658 1748 818 1855 poterit,
845 1747 1054 1853 fiiujurias
1081 1767 1168 1827 tam
1197 1747 1314 1826 inhu-

166 1885 299 1937 manas
318 1878 437 1965 atque
460 1858 722 1938 intolerandas
744 1857 912 1967 impune
933 1859 1087 1939 civibus
1110 1860 1251 1940 nostris
1272 1888 1315 1938 ac

164 1969 1148 2163 lalllllllfiffall{sepslssfflsslss}
1171 1972 1213 2050 ³¹¹
1240 1974 1314 2053 ⁰‘'

223 2195 277 2273 Et
295 2192 400 2272 certe
422 2222 561 2302 pamm
576 2195 726 2287 vident,
744 2197 813 2303 qui
835 2195 884 2274 de
899 2196 1068 2275 consiliis
1087 2223 1134 2274 ac
1153 2196 1314 2275 rationi·

165 2303 237 2385 bus
262 2306 478 2415 Hispanicis
500 2307 764 2412 conjecturam
783 2308 947 2416 capiunt
965 2335 1016 2387 ex
1035 2336 1082 2386 ea
1094 2307 1259 2416 persona
1272 2335 1315 2386 ac

166 2417 292 2525 specie
318 2447 440 2526 quam
467 2420 509 2498 in
536 2417 734 2526 prasentia
762 2419 921 2498 suarum
949 2447 1081 2499 rerum
1113 2420 1315 2499 inclinatio

165 2530 327 2610 induere
340 2527 473 2610 versus
490 2558 558 2610 nos
577 2532 620 2609 in
638 2530 702 2611 his
719 2531 825 2610 orbis
845 2550 953 2610 terrae
968 2532 1144 2640 partibus
1158 2534 1313 2637 coegit;

165 2643 271 2749 quasi
288 2670 366 2720 non
387 2670 491 2722 nunc
507 2671 618 2722 mens
634 2644 787 2736 eadem,
804 2645 928 2723 iidem
943 2643 1069 2723 sensus
1087 2645 1315 2722 animorum

166 2781 211 2831 ac
231 2755 427 2833 rationum
455 2755 612 2834 suarum
638 2755 725 2849 fint,
749 2757 819 2862 qui
841 2777 928 2836 tum
947 2754 1072 2849 fuere,
1097 2752 1196 2835 cum
1214 2783 1316 2835 anno

170 2866 274 2994 ,¹588
308 2864 511 2974 subjugare
539 2863 641 2946 hanc
672 2887 797 2948 totam
828 2868 995 2947 insulam
1025 2867 1220 2977 suumque
1247 2867 1315 2947 sub

167 2979 382 3086 imperium
402 3007 446 3058 ac
465 2980 659 3059 ditionem
679 2979 909 3088 subjungere
925 2979 1174 3073 affectabant,
1188 2980 1315 3060 immd

166 3091 271 3196 quafi
291 3119 341 3168 ex
359 3088 461 3170 hoc
451 3112 661 3171 immutato
681 3091 785 3201 apud
805 3120 874 3172 nos
894 3120 1027 3172 rerum
1048 3092 1147 3172 statu
1165 3091 1315 3171 forma-

166 3230 245 3309 que
265 3203 490 3311 reipublicae
506 3231 585 3283 non
600 3204 756 3282 accensa
774 3207 906 3313 potius
925 3231 1064 3283 eorum
1080 3205 1121 3282 in
1140 3231 1212 3283 nos
1227 3192 1316 3283 odia

165 3317 362 3422 auditoque
390 3315 624 3424 suspiciones
644 3315 729 3395 sint.
788 3315 909 3423 de
930 3317 957 3395 fi
977 3316 1059 3395 haec
1078 3318 1315 3426 opportuni-

165 3446 237 3518 tas,
258 3454 357 3532 quae,
379 3448 538 3535 propter
554 3427 743 3506 nunnulla
761 3428 940 3534 quaedam
956 3456 1043 3536 quae
1067 3456 1193 3537 nuper
1211 3429 1316 3508 acci-

165 3536 321 3631 derunt,
342 3540 504 3617 ineundi
530 3541 722 3619 rationem
746 3539 935 3647 aliquam,
959 3568 1037 3648 qua
1058 3539 1106 3618 ab
1131 3536 1211 3618 hoc
1233 3559 1315 3620 tam

165 3667 295 3727 vetere
316 3668 356 3728 et
373 3650 586 3757 implacato
608 3651 808 3757 religionis
828 3652 963 3731 nostrae
987 3680 1031 3731 ac
1051 3653 1185 3759 patriae
1204 3650 1314 3731 hoste

166 3760 448 3869 nobismetipfis
464 3763 565 3868 (Deo
585 3762 683 3841 bene
697 3764 876 3868 juvante)
890 3763 1089 3843 consulere
1110 3763 1314 3871 possimus,

165 3874 408 3955 occasionem
438 3871 540 3955 fone
564 3874 883 4002 suppeditaverit,
907 3874 1156 3984 praetermiffa
1179 3873 1314 3968 fuerit,

166 3983 251 4064 fieri
272 3988 415 4094 poterit
434 4005 479 4065 ut
496 4014 559 4067 eas
578 3989 679 4066 vires
698 3985 813 4066 facile
830 3986 874 4066 fit
894 4004 1190 4096 recuperaturus
1211 3987 1315 4093 (ani-

165 4125 254 4176 mus
285 4101 393 4177 enim
424 4098 529 4178 certe
567 4098 627 4178 illi
658 4125 785 4208 neque
818 4126 993 4207 unquam
1031 4099 1156 4178 deerit
1186 4126 1315 4206 neque

165 4208 289 4289 deesse
309 4211 469 4317 poterit)
496 4210 715 4319 exquibus
741 4210 1004 4291 intolerandus
1027 4207 1135 4318 aeque
1167 4232 1207 4289 et
1234 4209 1315 4290 for·

165 4322 362 4402 midabilis
389 4323 499 4402 reddi
523 4324 637 4431 poflit
662 4342 778 4429 atque
801 4341 914 4401 antea
937 4321 1070 4402 fuerit.
1130 4324 1263 4402 Nos
1251 4352 1315 4402 ιιι-

165 4453 268 4514 terea
288 4435 346 4513 s1
336 4434 493 4540 injurias
510 4453 592 4515 tam
605 4437 795 4513 immanes
809 4435 849 4512 in
866 4433 1103 4516 Occidentali
1111 4432 1222 4514 India
1237 4436 1315 4513 sine
