2956 4980
166 256 247 362 364
372 238 611 367 Scriptum
637 238 782 330 Dom.
810 238 1104 332 Protedtoris.

158 415 282 525 primi
301 412 531 522 perscrutati
548 410 649 503 sunt,
666 409 874 518 insulisque
888 410 1054 519 aliquot,
1068 408 1315 500 fluminibus,

159 554 204 605 ac
223 526 504 637 promontoriis
524 524 685 602 nomina
709 522 944 631 imposuere,
970 522 1118 603 idcircb
1146 523 1241 601 novi
1266 521 1315 599 il-

159 637 237 719 lius
250 637 354 718 orbis
366 636 591 717 dominium
604 636 693 741 jure
714 633 784 713 fibi
804 635 1099 743 acquifivillent.
1159 629 1314 713 Verbm

161 750 416 858 imaginarius
431 747 621 853 ejusmodi
641 747 779 826 titulus
800 749 867 825 tali
887 747 1178 857 praescriptione
1199 746 1315 824 nixus

162 862 240 941 fine
274 859 500 971 polseffione
524 860 589 965 jus
616 857 775 967 aliquod
810 887 951 939 verum
984 881 1052 939 aut
1084 859 1314 966 legitimum

161 1001 291 1053 creare
311 1000 390 1051 non
411 972 550 1081 potest.
586 972 659 1075 Jus
674 973 874 1078 optimum
897 973 1054 1051 tenendi
1075 969 1315 1050 Americanir

162 1087 204 1163 in
220 1086 315 1165 locis
331 1085 437 1192 quod
455 1081 620 1191 quisque
636 1081 769 1176 habet,
782 1082 838 1161 est
852 1083 1096 1163 coloniarum
1113 1082 1314 1174 deduffio,

163 1216 203 1276 et
229 1196 404 1306 poffeffio
429 1196 492 1274 vel
515 1194 585 1273 ubi
613 1193 713 1273 nulli
741 1195 906 1274 omnino
928 1196 1064 1275 incolae
1089 1193 1216 1287 fuere,
1238 1194 1314 1285 vel,

162 1308 283 1388 ficubi
312 1305 436 1400 fuere,
466 1335 606 1386 eorum
635 1304 794 1399 assensu,
828 1307 891 1387 vel
920 1307 1053 1386 saltem
1084 1306 1124 1385 in
1154 1305 1314 1386 desertis

163 1419 397 1529 quibusdam
413 1418 569 1498 suarum
587 1419 796 1526 regionum
815 1437 856 1497 et
870 1419 1028 1500 incultis
1044 1419 1156 1511 locis,
1170 1416 1312 1527 quibus

162 1533 224 1611 vel
244 1531 417 1611 colendis
436 1531 497 1610 vel
518 1530 737 1610 habitandis
759 1529 829 1637 ipsr
849 1558 927 1610 non
947 1530 1164 1623 sufficiant;
1186 1557 1313 1638 quan·

162 1645 378 1753 doquidem
409 1645 521 1722 Deus
559 1662 701 1722 terram
740 1639 953 1723 hominum
991 1641 1120 1722 ufibus
1153 1643 1313 1732 creavit,

164 1757 426 1865 praecepitque
446 1755 493 1833 iis
512 1773 558 1833 ut
575 1753 792 1833 universam
813 1756 1038 1864 implerent.

222 1868 317 1947 Hoc
337 1868 364 1946 fi
379 1894 517 1946 verum
533 1865 603 1958 est,
619 1866 958 1973 quemadmodum
974 1865 1140 1976 Hffpani
1152 1863 1314 1973 iniquis-

166 1978 261 2056 fimo
274 1978 363 2081 jure
382 1998 490 2086 parta
514 1977 596 2057 illic
616 1976 792 2056 obtinere
813 1979 1083 2073 invenientur;
1108 2005 1206 2057 curn
1226 2004 1314 2055 orn-

166 2091 230 2168 nia
249 2091 381 2168 invitis
401 2089 554 2181 incolis,
580 2108 621 2168 et
639 2089 746 2197 quali
766 2118 816 2168 ex
836 2089 925 2199 ipsis
945 2118 1083 2171 eorum
1102 2089 1314 2169 visceribus

167 2200 236 2279 fibi
255 2201 542 2309 acquifiverint,
569 2228 742 2309 quorum
762 2201 947 2307 sanguine
967 2202 1081 2281 suum
1100 2202 1316 2312 imperium

168 2314 250 2392 illic
270 2312 498 2406 fundarunt,
525 2312 762 2420 magnasque
790 2313 930 2394 insulas
952 2334 992 2393 et
1015 2315 1195 2422 regiones
1220 2330 1317 2391 totas

167 2453 245 2505 non
266 2453 443 2534 reperere
456 2425 618 2533 quidem
633 2426 797 2504 desertas
814 2425 876 2504 sed
892 2425 1108 2520 reddidere,
1123 2425 1317 2532 indigenis

167 2536 352 2616 omnibus
376 2536 594 2629 eradicatis,
616 2536 669 2615 ita
689 2536 824 2642 Angli,
845 2564 931 2645 quae
948 2537 1032 2616 illic
1052 2535 1216 2631 habent,
1229 2536 1316 2641 jure

166 2650 320 2755 optimo
332 2648 588 2756 possederin13
611 2646 749 2755 easque
765 2649 1003 2728 nominatim
1019 2648 1158 2728 insulas
1171 2652 1211 2729 in
1226 2649 1315 2755 qui·

168 2758 239 2839 bus
256 2760 420 2870 Hstani
430 2759 602 2838 colonias
622 2788 760 2838 eorum
777 2780 1056 2870 oppugnarunt
1074 2780 1193 2869 atque
1208 2760 1315 2839 dele-

167 2890 280 2965 runt;
302 2900 388 2980 quae
407 2890 474 2950 aut
489 2871 634 2951 incolas
650 2874 814 2952 omnino
832 2898 911 2951 non
931 2871 1117 2967 habuere,
1131 2893 1201 2953 aut
1221 2874 1250 2951 fi
1270 2873 1315 2952 ab

170 2983 348 3092 Hffpanrlr
373 2979 609 3076 interfectos,
632 2983 788 3063 desertae
810 2985 932 3063 etiam
951 2985 1000 3064 ab
1020 2985 1159 3065 iisdem
1179 3003 1221 3064 et
1241 2985 1317 3064 fine

168 3095 384 3175 cultoribus
404 3095 545 3173 relidtae
565 3095 672 3175 sunt:
703 3094 800 3174 adeo
822 3113 865 3175 ut
889 3114 1033 3176 naturae
1055 3097 1316 3205 gentiumque

162 3203 251 3310 jure
270 3204 551 3315 occupantibus
570 3206 770 3313 quibusvis
793 3235 856 3287 eas
878 3226 918 3286 et
945 3207 1227 3315 poffidentibus
1252 3237 1315 3288 ce·

169 3317 285 3413 dant;
312 3317 427 3423 juxta
452 3316 551 3396 illud
576 3320 617 3395 in
643 3318 796 3426 legibus
820 3319 1078 3412 notiffimum,
1106 3321 1204 3426 Qut
1230 3320 1318 3399 nul·

168 3427 240 3505 lius
244 3428 342 3533 sunt
366 3448 402 3509 et
419 3446 491 3537 pro
516 3426 699 3509 dereliblti
721 3429 917 3524 habentur,
948 3430 1081 3536 cedunt
1107 3431 1316 3540 occupanti.

171 3543 414 3647 Qanquam
434 3539 462 3618 fi
483 3540 667 3647 Hypana
686 3540 964 3650 expulilsemus
988 3545 1035 3622 iis
1056 3544 1151 3622 locis
1176 3545 1217 3622 in
1233 3571 1319 3651 quae

170 3648 314 3729 nostras
338 3651 510 3729 colonias
533 3651 784 3746 deduximus,
814 3653 917 3733 unde
944 3655 1013 3762 ipsr
1039 3651 1147 3762 pribs
1172 3655 1319 3734 incolas

170 3759 355 3842 radicitbs
375 3762 695 3857 exturbaverunt,
717 3792 785 3844 nos
807 3785 994 3872 tanquam
1017 3766 1263 3846 occifionum
1282 3784 1320 3845 et

172 3874 402 3979 injuriarum
417 3874 522 3952 illius
543 3877 681 3983 populi
695 3876 841 3973 ultores
857 3877 1020 3957 meliore
1032 3877 1122 3982 jure
1139 3873 1319 3986 regiones

170 3985 254 4063 illas
274 3985 586 4077 obtinuillemus,
606 4013 727 4092 quarn
747 3987 985 4095 oppreffores
1004 3989 1240 4093 ejusdem'et
1260 3991 1320 4067 in·

170 4093 405 4177 terfestores.
467 4099 575 4175 Cum
600 4117 733 4176 autem
758 4098 893 4177 nostrae
911 4099 1074 4178 coloniae
1093 4102 1140 4179 iis
1159 4101 1201 4179 in
1222 4099 1320 4180 locis

170 4206 329 4301 fuerint,
354 4209 423 4286 ubi
448 4237 574 4315 neque
601 4209 792 4316 indigena
812 4236 939 4317 neque
967 4209 1133 4317 Hstani
1147 4211 1319 4319 poffeffi·

169 4346 289 4399 onem
310 4320 432 4398 ullam
457 4338 679 4414 tenuerunt,
705 4347 830 4427 neque
851 4318 1111 4402 habitationes
1131 4320 1230 4402 ullas
1255 4341 1321 4402 aut

170 4459 312 4537 pecora
331 4431 417 4539 post
441 4430 476 4508 se
498 4430 747 4536 reliquerant,
776 4432 943 4510 aliamve
967 4459 1067 4527 rem,
1098 4460 1185 4540 quae
1209 4435 1323 4541 poffit
