2956 4980
157 240 236 294 200
392 200 555 294 Literae
583 202 775 294 Senatus
801 194 1071 330 Anglicani.

201 535 350 643 Illustri
364 554 401 615 et
420 536 627 644 Magnfico
649 536 832 617 Civitatis
854 537 1072 645 Gedanerfis
1093 533 1270 616 Senatui.

158 712 369 820 Magnifici
384 734 499 823 atque
511 714 756 824 Ampliffimi
766 714 950 809 Domini,

339 827 477 906 Amici
493 827 733 908 Chariffimi.

244 939 473 1045 Requentes
497 941 544 1019 ad
564 968 634 1020 nos
655 941 776 1019 litetae
795 957 1058 1020 mercatorum
1076 936 1323 1029 nostrorum,

270 1053 339 1157 qui
361 1051 544 1134 Boruffiae
564 1081 634 1162 per
653 1080 764 1131 oram
784 1052 1047 1159 negotiantur,
1067 1049 1196 1129 allatae
1217 1047 1322 1141 sunt,

160 1159 304 1268 quibus
325 1162 518 1242 tributum
538 1191 656 1271 grave
679 1164 879 1272 quoddam
903 1182 942 1242 et
968 1161 1170 1242 insolitum
1192 1187 1325 1270 nuper

161 1275 202 1352 in
222 1301 368 1382 magno
387 1275 604 1358 Polonorum
620 1275 803 1355 Concilio
818 1275 973 1384 imponi
989 1273 1059 1353 fibi
1074 1291 1323 1381 queruntur;

162 1404 206 1467 ut
225 1386 423 1468 decimam
443 1385 590 1471 scilicet
609 1387 842 1470 facultatum
856 1387 1011 1469 suarum
1025 1387 1214 1467 omnium
1231 1411 1324 1493 par·

162 1518 244 1579 tem
265 1498 499 1579 sublevando
521 1501 709 1582 Scotorum
730 1501 828 1609 regi,
845 1500 973 1579 nostro
992 1496 1108 1590 hosti,
1130 1495 1322 1607 suppedi-

163 1628 301 1690 tarent.
364 1612 485 1802 (Ψά
510 1640 603 1692 cum
620 1613 702 1719 juri
724 1613 917 1691 Gentium
937 1609 1179 1691 contrarium
1205 1605 1324 1718 plane

162 1723 222 1816 fit,
244 1725 397 1804 trastari
452 1753 528 1805 unc
552 1726 593 1804 in
618 1725 785 1804 modum
808 1722 978 1833 hospites
1003 1740 1042 1800 et
1065 1737 1320 1811 mercatores,

163 1837 450 1943 iniquiffimum
471 1837 605 1931 etiam,
622 1856 668 1916 ut
683 1837 793 1943 cujus
805 1834 1007 1944 tyrannide
1027 1834 1099 1913 sint
1113 1832 1243 1926 domi,
1259 1832 1321 1912 di·

161 1948 255 2026 vini
269 1977 358 2054 ope,
372 1948 541 2043 liberati,
555 1949 678 2028 iidem
698 1951 738 2028 in
753 1949 878 2028 aliena
894 1945 1115 2055 Republica
1129 1945 1322 2054 stipendia

163 2058 381 2169 persolvere
404 2081 654 2168 cogerentur,
679 2088 757 2140 non
782 2059 1008 2145 dubitamus
1032 2058 1130 2167 quin
1153 2085 1231 2167 pro
1254 2056 1320 2137 illa

165 2171 358 2266 libertate,
378 2173 457 2281 qut
481 2170 561 2257 frui
580 2201 649 2253 vos
676 2172 950 2281 intelligimus,
972 2190 1054 2250 tam
1077 2196 1198 2276 grave
1221 2196 1319 2249 onus

165 2285 448 2365 mercatoribus
478 2287 664 2394 imperari
699 2286 738 2365 in
774 2284 869 2366 urbe
895 2283 1020 2364 vestra
1050 2282 1134 2392 pati
1165 2282 1320 2377 nolitis;

166 2398 207 2476 in
231 2396 552 2505 qua'amicitiam
578 2416 618 2476 et
641 2397 944 2490 commercium,
970 2420 1042 2474 nec
1072 2393 1149 2472 fine
1175 2420 1322 2502 magno

167 2509 297 2588 vestrae
319 2511 487 2589 civitatis
512 2511 799 2601 emolument0,
820 2537 890 2618 per
914 2526 973 2588 tot
992 2533 1112 2586 annos
1132 2503 1319 2585 habuere.

168 2621 208 2698 Si
233 2621 288 2699 est
312 2622 435 2728 igitur
459 2640 503 2700 ut
527 2622 745 2702 nostrorum
771 2619 982 2702 hominum
1003 2617 1107 2727 apud
1128 2645 1197 2697 vos
1220 2646 1323 2697 mer·

168 2750 342 2812 caturam
373 2731 604 2813 facientium
635 2732 799 2814 tutelam
831 2733 1020 2841 suscipere
1045 2729 1191 2823 velitis,
1217 2729 1323 2838 quod

168 2844 332 2952 quidem
358 2843 453 2925 clim
482 2846 531 2927 ab
560 2847 741 2954 aequitate
767 2864 806 2925 et
835 2843 1042 2955 prudentia
1067 2841 1207 2935 vestra,
1240 2862 1325 2921 tum

167 2958 287 3036 etiam
307 2956 329 3038 ὲ
348 2960 538 3066 dignitate
558 2957 868 3067 splendidiffimae
886 2955 993 3035 urbis
1013 2952 1119 3033 haud
1138 2952 1325 3034 dubitan-

168 3067 227 3149 ter
238 3075 506 3180 expediamus,
519 3100 607 3150 eam
620 3098 782 3180 operam
797 3069 992 3161 dabimus,
1006 3085 1051 3145 ut
1062 3064 1325 3172 gratiffimum

170 3182 209 3260 id
231 3182 303 3262 elle
325 3184 436 3264 nobis
456 3184 566 3263 omni
593 3202 771 3290 tempore
796 3181 989 3274 sentiatis3
1021 3176 1177 3287 quotids
1201 3178 1243 3256 in
1264 3179 1326 3257 di·

171 3294 278 3374 tione
299 3296 425 3376 nostra
446 3294 668 3402 Gedanetffes
687 3294 750 3373 vel
765 3293 922 3400 negotia
937 3290 1163 3384 habuerint,
1177 3290 1244 3373 vel
1261 3318 1326 3371 na·

170 3434 251 3500 ves,
271 3408 379 3514 quod
399 3407 494 3518 saepe
514 3407 573 3501 fit,
594 3408 643 3487 ad
663 3424 798 3514 portus
817 3406 964 3486 nostros
982 3402 1223 3514 appulerint.

258 3519 576 3631 Westmonasterio.
636 3520 737 3600 Dat.
753 3519 792 3603 6.
811 3515 901 3599 Feb.
921 3518 969 3597 16
974 3542 1042 3626 50.

484 3909 719 3989 Internuntio
740 3907 1010 4017 Portugallico.

260 4083 423 4162 Illustris
443 4085 636 4178 Domine,

269 4197 390 4275 Iteras
415 4215 498 4276 tuas
522 4194 638 4301 hujus
663 4194 802 4276 menfis
826 4192 966 4300 quinto
991 4188 1149 4270 decimo
1179 4193 1330 4301 Hamp-

295 4308 384 4388 tond
402 4307 450 4386 ad
467 4335 536 4386 nos
556 4308 662 4387 datas
679 4306 918 4416 accepimus.
979 4302 1026 4381 ln
1047 4301 1194 4411 quibus
1210 4304 1330 4410 signi·

174 4418 263 4500 ficas
288 4440 325 4501 te
350 4417 371 4499 ὲ
395 4449 480 4527 rege
509 4419 759 4527 Portugalliae
785 4418 832 4498 ad
859 4417 1144 4497 Parlamentum
1170 4414 1330 4526 Reipub.
