2956 4980
327 117 492 214 Literae
518 124 711 214 Senatus
736 115 1015 250 Anglicani,
1164 160 1243 244 207

31 470 39 482 ·
118 426 316 535 terenifflmo
336 429 517 540 Principi
531 431 767 511 Venetiarum
783 430 903 524 Duri,
922 430 1147 542 Senatuique
1161 435 1250 515 Cel·

10 515 43 589 fa·
145 539 285 647 stfflmo,
300 541 505 623 Concilium
521 543 654 622 Status
668 543 908 622 Parlamenti
920 543 1078 654 Reipub.
1093 546 1250 654 Angliae

10 646 45 771 ²⁴}
122 654 126 659 ’
155 654 400 734 Authoritate
418 654 664 765 constitutum,
686 654 875 735 Salutem.

119 837 342 921 Sereniffime
363 842 566 952 Princeps,
586 843 787 923 celfiffime
810 846 986 938 Senatus,

13 946 29 961 '
248 953 388 1033 Amici
407 953 643 1050 chariffimi3

226 1079 433 1162 Ercatores
443 1078 609 1187 quidam
624 1079 757 1172 nostri,
771 1107 943 1187 quorum
957 1078 1069 1160 alteri
1082 1081 1251 1188 Joanner

254 1188 437 1285 Dickons,
461 1192 575 1273 alteri
599 1191 679 1299 Job
707 1188 992 1272 Throckmorton
1013 1220 1158 1274 nomen
1179 1195 1248 1289 est,

115 1294 291 1409 fimulque
315 1302 383 1381 alii
406 1304 511 1413 apud
536 1331 605 1384 nos
629 1304 757 1411 questi
783 1303 884 1396 sunt,
904 1301 1012 1411 qubd
1036 1332 1130 1384 curn
1158 1308 1249 1386 No·

113 1410 270 1494 tembris
290 1418 427 1494 odtavo
447 1434 487 1496 et
502 1416 691 1524 vigefimo
713 1418 759 1496 16
765 1444 833 1524 51,
850 1443 900 1494 ex
913 1415 1002 1521 jure
1019 1434 1059 1496 et
1073 1415 1249 1497 authori-

111 1536 176 1605 tate
196 1525 331 1607 Curiae
353 1527 489 1607 nostrae
513 1529 798 1609 Ammiralatus
823 1526 1071 1637 occupassent
1094 1530 1135 1607 in
1159 1531 1249 1609 navi

106 1632 314 1720 Ht’rundine
332 1639 454 1748 vulgo
473 1641 714 1749 nuncupata,
730 1639 795 1721 cui
817 1641 857 1719 in
879 1641 1009 1720 Dunis
1029 1641 1249 1722 consistenti

101 1746 253 1853 isaacus
282 1752 414 1861 Taylor
438 1752 632 1860 Magister
655 1770 751 1846 erat,
775 1771 936 1831 centurn
960 1751 1065 1832 dolia
1086 1754 1251 1834 Caveari

96 1859 219 1970 vulgb
244 1862 355 1957 diui,
374 1892 461 1972 quae
480 1864 546 1944 sua
568 1866 727 1974 propria
746 1864 849 1943 bona
868 1864 1001 1958 ellbnt,
1023 1866 1143 1973 inque
1167 1866 1250 1946 finu

90 1966 362 2056 Moscovitico
381 1974 624 2084 Archangeli
639 1977 745 2056 diuo
764 1976 930 2056 eandem
949 1977 991 2054 in
1011 2005 1150 2056 navem
1171 1979 1249 2057 im-

78 2086 247 2192 pofita3
277 2106 395 2196 atque
415 2087 456 2166 in
477 2089 522 2168 ei
542 2089 679 2182 Curii,
700 2105 818 2197 prout
837 2087 925 2194 lege
950 2089 1092 2195 agitur,
1113 2090 1249 2170 decre·

10 2274 12 2281 .
79 2210 184 2279 turn
209 2196 463 2280 obtinuissent
484 2229 565 2309 quo
588 2201 691 2280 diua
716 2200 881 2279 Caveari
904 2200 1008 2279 dolia
1031 2200 1101 2278 fibi
1121 2201 1249 2280 trade-

68 2328 248 2404 rentur,
272 2311 349 2392 fide
373 2311 439 2391 sua
462 2310 570 2421 pribs
594 2311 831 2420 interpofiti,
858 2311 894 2390 se
925 2311 965 2389 in
990 2312 1095 2391 illius
1120 2313 1250 2392 Curiae

66 2423 572 2532 sententioacquieturos;
603 2425 788 2532 quodque
803 2424 941 2503 eadem
958 2425 1095 2517 Curia,
1109 2451 1189 2532 quo
1202 2424 1249 2507 lis

61 2532 163 2617 illa
183 2534 236 2615 ad
254 2537 408 2616 exitum
428 2536 722 2645 perduceretur,
743 2564 837 2615 cum
861 2563 1063 2645 promote
1084 2536 1249 2646 scripsis-

58 2648 149 2727 set
163 2646 215 2727 ad
228 2648 484 2755 Magistratus
496 2649 732 2757 Judicesque
745 2650 933 2742 Venetos,
948 2648 1092 2742 literas,
1106 2648 1249 2757 quibus

56 2757 284 2868 petebant
307 2763 367 2841 uti
390 2761 576 2868 Joannem
603 2761 778 2841 Piattum
804 2761 973 2867 (Veneti
1001 2759 1070 2840 sub
1099 2761 1249 2842 ditione

61 2875 326 2980 degentem,
342 2874 414 2982 qui
428 2875 649 2953 Cavearum
662 2873 777 2952 illum
791 2873 862 2952 fibi
874 2872 1069 2977 vendicat)
1087 2874 1251 2954 citarent

66 3012 179 3094 quo
198 3012 241 3064 rc
261 3013 331 3095 per
350 3005 646 3095 procuratorem
671 2985 710 3065 in
730 2984 1016 3065 Ammiralatus
1035 2984 1143 3063 curia
1162 2987 1250 3064 An-

79 3097 203 3203 glica
225 3096 261 3176 se
282 3098 440 3192 listeret,
455 3098 524 3177 ubi
544 3098 590 3178 lis
610 3097 680 3177 ista
699 3098 856 3206 pendet,
871 3096 1011 3205 jusque
1027 3096 1141 3176 suum
1156 3126 1249 3206 pro-

76 3205 224 3299 baret,
242 3226 373 3289 tamen
397 3210 505 3289 idem
525 3210 698 3303 Piattus,
718 3228 759 3289 et
782 3210 946 3317 quidam
969 3207 1110 3289 David
1132 3210 1251 3290 Rutts

89 3317 341 3415 Bollandus,
356 3321 455 3401 dum
470 3321 582 3402 causa
602 3321 683 3401 haec
703 3323 744 3399 in
760 3320 889 3401 nostro
905 3319 972 3399 hic
988 3319 1074 3401 foro
1091 3322 1251 3430 pendet,

97 3432 276 3511 multum
289 3431 509 3542 supradidto
523 3435 672 3542 Joanni
683 3434 865 3526 Dickons,
877 3432 1038 3540 aliisque
1054 3434 1131 3513 illis
1144 3463 1251 3515 mer·

95 3542 296 3624 catoribus
307 3544 355 3624 de
363 3547 538 3626 Cavearo
550 3544 674 3626 isthoc
686 3546 892 3652 negotium
906 3544 1068 3640 faceffit3
1091 3575 1251 3626 eorum·

100 3683 180 3763 que
211 3655 313 3736 bona
344 3676 383 3737 et
421 3656 624 3738 facultates
658 3685 763 3737 nexu
797 3657 1041 3764 occupandas
1073 3658 1250 3739 Venetiis

100 3786 237 3849 curat:
268 3797 355 3877 quae
378 3771 513 3849 omnia
542 3769 779 3876 singulatim,
806 3787 847 3849 et
874 3769 971 3876 quid
1000 3767 1185 3849 haetenus
1209 3772 1250 3850 in

98 3879 283 3987 predicto
306 3881 434 3962 nostra
454 3882 563 3961 curii
585 3882 630 3961 fit
653 3887 785 3961 aetum
808 3883 849 3960 in
873 3881 995 3960 literis
1018 3881 1096 3960 illis
1117 3884 1249 3991 requi·

101 3990 243 4072 fitoriio
262 3989 381 4074 fufiirs
401 3994 637 4103 exponitur3
668 4021 763 4101 quas
783 3992 990 4101 postquam
1011 3993 1164 4074 anobis
1188 3997 1251 4073 in·
1392 4034 1396 4039 ·

102 4102 241 4213 speciae
260 4104 393 4199 client,
413 4107 462 4185 ad
475 4104 750 4186 sereniffimam
768 4106 1027 4184 Venetiarum
1046 4106 1249 4215 Rempub.

99 4234 146 4295 ut
163 4216 456 4299 Mercatoribus
476 4220 517 4297 in
533 4216 607 4298 hac
624 4217 736 4297 caula
755 4216 981 4323 adjumento
997 4217 1071 4297 effe
1091 4217 1248 4326 pollrnt,

99 4327 413 4410 transmittendas
433 4329 678 4424 censuimus;
719 4347 835 4437 atque
859 4329 907 4409 ab
932 4329 976 4410 ei
995 4328 1250 4410 vehementbr

95 4441 274 4553 petimus
286 4459 331 4521 ut
346 4469 425 4521 non
441 4442 568 4523 solum
582 4442 658 4521 illae
672 4440 792 4521 literae
804 4443 886 4520 vim
901 4441 1008 4521 suam
1021 4459 1138 4550 atque
1151 4469 1252 4551 pon·
