2956 4980
385 245 548 339 Literae
575 238 768 338 Oliverii
793 245 1081 339 Protestoris.
1230 286 1307 366 315

157 420 249 497 Rex
270 418 429 513 Daniae,
450 444 529 498 non
550 415 614 496 sual
634 417 750 495 credo
771 418 968 497 voluntate
989 438 1057 497 aut
1081 421 1309 515 rationibus,

158 528 222 607 sed
250 528 424 610 hostium
450 530 728 610 communium
758 528 904 609 artibus
934 528 1057 609 factus
1086 529 1221 625 hostis,
1247 561 1310 612 re-·

157 643 322 750 pentino
334 642 462 721 vestro
481 643 521 719 in
544 641 732 719 intimum
750 640 831 745 ejus
848 668 1016 748 regnum
1030 642 1213 737 adventu,
1233 644 1310 724 srne

157 754 287 832 multo
312 752 513 861 sanguine,
535 751 582 831 eb
607 752 652 830 srt
683 752 872 844 redactus,
901 771 958 844 ut,
983 755 1091 859 quod
1122 783 1181 834 res
1212 775 1309 849 erat,

158 864 363 943 utiliorem
390 866 460 944 srbi
488 891 627 973 pacem
651 862 756 942 bello
776 881 911 942 contra
929 891 997 943 vos
1023 863 1196 975 suscepto
1225 888 1311 946 tan-

158 976 251 1055 dem
266 975 525 1082 judicaverit:
557 974 698 1055 deinde
714 1002 807 1053 cum
829 976 860 1053 is
880 1002 967 1054 eam
988 976 1095 1056 nulla
1112 978 1148 1056 se
1164 981 1311 1058 ratione

159 1088 277 1167 citius
299 1087 405 1196 polle
424 1086 610 1195 consequi
630 1086 886 1179 existimaret,
907 1115 1028 1195 quam
1049 1088 1076 1167 fi
1096 1089 1223 1169 delata
1243 1091 1313 1169 s1bi

154 1199 310 1304 jamdiu
324 1200 371 1277 ad
385 1198 674 1278 conciliandam
690 1224 829 1305 pacem
846 1199 976 1277 nostra
990 1200 1109 1308 opera
1124 1220 1312 1295 uteretur,

160 1309 269 1419 qubd
301 1311 486 1416 Majestas
510 1309 634 1388 vestra
661 1309 749 1388 solis
778 1311 1016 1389 Internuntii
1048 1312 1166 1390 nostri
1191 1313 1312 1393 literis

161 1442 336 1515 exorata,
351 1440 433 1502 tam
452 1420 560 1500 facili
582 1422 685 1528 pacis
698 1422 938 1501 concessione
951 1422 1175 1516 ostenderit,
1187 1452 1314 1531 quan-

162 1552 252 1613 tum
273 1534 400 1613 nostra
419 1534 594 1613 amiciti&
613 1553 729 1639 atque
756 1534 881 1640 gratis
902 1534 1123 1642 interposita
1142 1536 1246 1643 apud
1276 1535 1312 1614 se

160 1646 334 1725 valeret:
365 1673 581 1752 meumque
599 1646 795 1752 imprimis
810 1646 850 1722 in
870 1642 947 1723 hoc
963 1665 1050 1725 tum
1070 1647 1137 1754 pio
1154 1648 1313 1753 negotio

161 1758 342 1837 officium
362 1757 436 1836 esse
455 1758 638 1848 voluerit,
660 1775 704 1840 ut
733 1757 839 1864 pacis
858 1774 939 1835 tam
960 1756 1131 1837 salutaris
1161 1759 1314 1838 Protes-

164 1870 336 1949 tantium
364 1869 494 1962 rebus,
522 1868 581 1947 uti
607 1867 732 1976 spero,
758 1895 854 1946 mox
886 1865 1025 1948 suturae
1057 1869 1136 1977 ipse
1167 1872 1315 1978 potiffi-

163 2007 279 2060 mum
318 2008 418 2059 unus
450 1981 679 2058 conciliator
710 1997 827 2086 atque
859 1984 993 2059 auctor
1023 1984 1315 2090 propemodum

163 2092 297 2171 essem.
358 2093 465 2169 Cum
481 2092 589 2169 enim
606 2090 827 2196 Religionis
840 2089 968 2170 hostes
983 2093 1206 2198 conjunctas
1222 2123 1246 2174 o
1276 2123 1315 2173 es

163 2202 307 2284 vestras
326 2202 403 2281 alio
423 2206 537 2311 pacto
554 2201 731 2308 frangere
748 2202 783 2280 se
804 2201 906 2311 posse
922 2203 1180 2311 desperarent,
1193 2234 1315 2314 quam

165 2316 193 2394 fi
220 2342 288 2394 vos
313 2316 414 2393 inter
438 2342 506 2394 vos
529 2312 820 2406 commisissent,
848 2313 1048 2393 habebunt
1076 2343 1194 2408 nunc,
1223 2345 1315 2425 pro-

165 2425 272 2506 festb
287 2426 394 2533 quod
411 2425 700 2533 pertimescant,
717 2453 764 2502 ne
780 2452 980 2503 armorum
997 2427 1315 2536 animorumque,

164 2559 212 2617 ut
239 2537 364 2647 spero,
388 2536 606 2616 vestrorum
637 2534 720 2614 haec
745 2538 944 2644 inopinata
971 2538 1195 2644 conjunctio
1227 2541 1315 2648 ipsrs

165 2649 262 2728 belli
289 2647 405 2755 hujus
429 2647 704 2728 conflatoribus
737 2648 778 2725 in
809 2650 1028 2755 perniciem
1052 2670 1189 2730 vertat.
1248 2653 1316 2731 Tu

167 2761 342 2852 interim,
357 2763 447 2840 Rex
461 2757 679 2852 sortiffime,
696 2763 822 2837 macte
836 2761 901 2839 tua
914 2762 1074 2867 egregifa
1085 2764 1251 2858 virtute;
1278 2782 1318 2842 et

165 2900 289 2981 quam
310 2870 541 2950 felicitatem
558 2873 597 2949 in
619 2872 733 2950 rebus
755 2872 831 2950 tuis
851 2872 967 2979 gestis
987 2874 1317 2980 vistoriarumque

167 2983 281 3064 cursu
313 3002 448 3062 contra
481 2985 637 3089 Regem
667 3009 772 3061 nunc
797 2983 946 3062 socium
978 2982 1106 3063 hostes
1138 2985 1318 3064 Ecclesrae

166 3124 294 3205 nuper
309 3095 491 3174 admirati
506 3095 605 3187 sunt,
623 3094 789 3173 eandem
805 3097 844 3172 in
862 3095 926 3174 sua
942 3094 1069 3174 rursus
1082 3096 1205 3190 clade,
1227 3099 1318 3176 Deo

169 3205 269 3286 bene
283 3207 462 3312 juvante,
483 3204 546 3284 sac
565 3206 742 3285 sentiant.

229 3320 285 3397 W
279 3317 533 3427 rssmonasterio
552 3347 598 3396 ex
620 3318 772 3396 Palatio
791 3317 920 3425 nostro,

332 3457 383 3535 30
402 3428 462 3508 die
481 3428 640 3522 Martii,
668 3430 787 3535 1658.

206 3714 406 3793 Oliverius
427 3716 625 3793 Proteblor
645 3713 752 3821 Reip.
775 3715 945 3820 Angliae,
967 3716 1045 3795 &c
1069 3717 1201 3795 Sereni
1221 3718 1289 3796 tino

287 3824 1211 3932 PrincipiFerdinandoMagnoDuciHetruriae.

257 3974 501 4053 Sereniffime
524 3974 724 4082 Princeps,

273 4098 369 4176 Uod
389 4095 674 4176 satisfacturum
694 4095 930 4175 arbitramur
947 4097 1180 4176 Celsrtudini
1192 4096 1323 4176 vestrae

301 4211 350 4289 de
373 4208 504 4287 nostro
523 4209 645 4287 claffis
669 4205 849 4317 praesecto
869 4210 938 4315 qui
958 4209 1006 4287 ad
1026 4229 1161 4318 portus
1182 4209 1324 4287 vestros

172 4348 300 4433 nuper
321 4320 377 4400 est
396 4321 561 4413 delatus,
582 4320 709 4399 vestro
729 4320 834 4429 apud
854 4348 924 4398 nos
945 4321 1105 4400 Oratori
1125 4320 1323 4427 respondi-

173 4460 286 4514 mus:
321 4434 486 4513 Interim
503 4460 572 4541 per
592 4432 772 4511 libellum
794 4432 1010 4541 supplicem
1031 4432 1143 4512 nobis
1157 4431 1325 4511 ostendit
