2956 4980
114 76 116 81 Ι
202 115 318 249 Cap.
341 158 382 240 7.
517 118 704 217 Plenior
730 116 977 221 institutio,
1278 161 1323 214 21

171 314 211 372 et
226 294 426 377 formam:
448 296 530 378 haec
547 301 656 379 enim
670 299 892 380 distributio
908 302 976 380 etfi
993 300 1079 380 usus
1092 299 1172 406 ejus
1189 300 1331 407 aliquis

171 406 246 486 effe
264 411 406 516 potest,
421 411 470 490 ad
491 411 595 518 leges
616 432 747 491 tamen
768 412 860 491 artis
882 413 1013 491 minus
1033 412 1329 492 accommodata

169 519 252 598 est:
276 521 351 600 effe
371 524 479 602 enim
499 544 709 603 externum
725 526 787 603 vel
808 528 1023 617 internum,
1041 552 1118 603 non
1136 524 1191 602 est
1206 523 1326 603 caufis

168 635 396 741 proprium,
424 636 488 714 sed
510 635 651 715 effecto
675 638 797 716 etiam
824 653 864 714 et
888 635 1069 741 adjuncto
1096 663 1324 714 commune.

168 743 332 823 Deinde
358 749 523 826 materia
547 768 587 827 et
611 748 739 829 forma
764 745 859 828 cum
883 749 983 826 intra
1006 748 1193 827 effedium
1222 747 1323 840 sunt,

168 882 251 935 non
267 876 349 937 tam
369 859 489 939 causae
508 857 629 967 quim
649 879 776 969 partes
796 859 926 938 effecti
946 859 1055 939 sunt:
1077 859 1195 968 quid?
1215 857 1323 969 quod

164 964 272 1062 finis,
293 997 381 1078 quae
400 971 590 1079 perfedtio
610 974 666 1051 rei
686 973 742 1052 est
761 968 1019 1081 aptitudoque
1040 972 1088 1051 ad
1108 971 1237 1065 usum,
1261 972 1323 1049 in·

165 1096 279 1160 terna
298 1082 430 1190 potius
450 1083 560 1163 causa
579 1084 787 1164 diceretur.
848 1083 1067 1177 Postremo,
1094 1082 1175 1162 haec
1192 1084 1322 1163 distri-

164 1188 283 1272 butio
316 1194 447 1273 turbat
479 1196 659 1276 ordinem
693 1196 910 1289 causarum,
945 1194 1123 1276 methodi
1158 1196 1321 1303 proinde

163 1302 326 1411 legem:
354 1306 527 1387 efficiens
546 1310 654 1387 enim
674 1308 730 1387 est
748 1310 992 1417 principium
1012 1328 1143 1386 motus
1162 1326 1202 1385 et
1225 1335 1318 1386 cau·

164 1413 298 1495 sarum
327 1419 479 1527 prima;
511 1418 614 1512 finio,
643 1421 783 1499 ultima
809 1420 889 1499 est:
923 1420 949 1498 fi
973 1421 1095 1527 igitur
1119 1420 1319 1497 internum

164 1546 334 1608 externo
348 1531 612 1638 praemittitur,
627 1533 789 1611 materia
804 1550 843 1610 et
859 1530 1002 1625 forma,
1015 1559 1100 1640 quae
1115 1531 1321 1609 efficientis

162 1640 464 1748 quodammodo
483 1643 622 1722 effecta
642 1644 743 1736 sunt,
764 1643 950 1722 efficienti
970 1661 1265 1752 praeponentur3
1291 1641 1318 1720 fi

163 1771 379 1833 externum
398 1754 568 1848 intern0,
587 1754 675 1835 finis
694 1756 896 1849 efficienti,
916 1756 943 1833 i.
955 1784 990 1835 e.
1007 1756 1148 1834 ultima
1167 1755 1317 1862 primae,

161 1863 424 1972 adjungetur;
455 1867 610 1961 mediis,
636 1868 808 1947 materiae
833 1895 978 1976 nempe
998 1888 1038 1946 et
1054 1866 1204 1960 formae,
1220 1894 1317 1975 prae-

162 1977 362 2056 mittetur.
422 1979 588 2059 Cautius
612 1981 743 2088 itaque
768 1982 911 2059 Romus
934 1997 1051 2087 atque
1077 1979 1150 2057 arti
1173 2005 1317 2058 conve-

161 2085 355 2183 nientiiu,
379 2089 581 2171 causarum
605 2119 748 2199 genera
775 2118 970 2198 anonyma
989 2090 1171 2198 reliquit:
1209 2089 1316 2198 quod

159 2219 207 2279 ut
217 2199 524 2297 ostenderemus,
537 2203 778 2311 longiuscule
793 2231 886 2282 cum
901 2203 1013 2282 venia
1027 2201 1196 2308 digreffi,
1211 2228 1315 2280 nunc

160 2312 212 2392 ad
231 2313 402 2393 alterum
421 2341 544 2421 genus
563 2315 779 2412 causarum,
796 2314 967 2394 formam
988 2332 1028 2393 et
1047 2314 1181 2406 finem,
1203 2314 1314 2392 rede-

160 2452 291 2504 amus.
350 2426 385 2505 F
386 2454 504 2506 ormae
522 2445 656 2507 autem
683 2427 739 2507 est
763 2428 870 2535 prior
896 2429 1005 2507 locus
1026 2424 1313 2519 concedendus,

161 2533 260 2617 citm
281 2535 368 2616 finis
387 2536 487 2617 nihil
506 2539 612 2617 aliud
628 2539 673 2618 fit
685 2535 806 2646 quim
823 2537 970 2618 fruetus
985 2538 1148 2646 quidam
1163 2536 1312 2617 formae.

220 2649 361 2729 Forma
378 2649 427 2758 est
446 2650 557 2756 causa
569 2668 642 2760 per
664 2680 773 2760 quam
792 2680 852 2731 res
870 2652 918 2759 est
937 2651 978 2734 id
992 2649 1089 2760 quod
1102 2650 1164 2758 est.
1214 2653 1313 2729 Haec

160 2759 343 2842 definitio
357 2763 592 2843 Platonicam
615 2781 656 2843 et
681 2762 955 2871 Arssotelicam
984 2761 1213 2868 conjunxit:
1246 2762 1312 2840 ille

159 2873 272 2952 enim
287 2872 424 2954 definit
436 2873 606 2954 formam
621 2874 695 2955 effe
708 2876 862 2954 causam
878 2903 947 2983 per
962 2900 1098 2980 quam,
1111 2871 1192 2966 hic,
1205 2872 1312 2981 quod

157 2985 341 3093 quidest
367 2985 455 3066 esse.
516 2988 577 3065 Ut
599 3005 732 3066 autem
762 2988 939 3080 materia,
964 2987 1015 3064 fic
1037 2986 1156 3063 etiam
1182 2984 1310 3063 forma

157 3095 350 3177 effectum
368 3099 569 3206 quoddam
589 3099 791 3179 efficientis
811 3098 973 3205 quidem
993 3095 1060 3178 est.
1120 3097 1310 3176 Formam

159 3211 271 3289 enim
286 3210 458 3290 efficiens
476 3228 517 3289 et
534 3211 718 3320 producit
737 3212 914 3290 nondum
930 3209 1176 3301 existentem,
1194 3227 1234 3288 et
1250 3209 1310 3288 in-

158 3320 272 3401 ducit
290 3323 331 3401 in
352 3323 581 3404 materiam:
603 3321 731 3402 forma
751 3342 883 3403 autem
899 3321 1030 3401 effecti
1049 3341 1089 3400 et
1108 3322 1219 3401 causa
1239 3322 1308 3416 est,

157 3451 198 3512 et
217 3434 416 3544 praecipua
439 3436 616 3543 quidem,
644 3435 800 3543 solaque
827 3434 1013 3515 effectum
1041 3434 1184 3541 arguit,
1201 3431 1309 3541 quod

157 3546 198 3623 vi
223 3543 362 3626 formae
384 3548 628 3656 potiffimum
652 3547 797 3626 existit.
858 3547 1043 3626 Efficiens
1075 3546 1183 3624 enim
1213 3544 1311 3624 frus-

158 3658 252 3736 trari
269 3654 412 3753 formai,
425 3657 552 3741 forma
564 3658 706 3738 effecto
719 3686 798 3737 non
814 3658 953 3768 potest.
1016 3658 1095 3737 Per
1109 3686 1218 3766 quam
1235 3659 1309 3736 ita-

157 3796 237 3877 que
249 3770 440 3877 particula
454 3799 541 3850 eam
555 3772 710 3850 causam
725 3770 915 3878 fignificat
927 3797 1092 3878 eamque
1109 3771 1207 3862 vim,
1223 3798 1309 3877 quae

157 3908 246 3961 rem
270 3880 346 3960 five
375 3881 562 3962 effectum
590 3882 777 3963 informat
807 3902 924 3991 atque
955 3880 1168 3961 constituit.
1229 3883 1309 3962 Res

156 3993 267 4073 enim
291 3993 398 4073 nulla
420 3994 476 4073 est
494 4023 580 4103 quae
598 3995 706 4074 suam
727 4023 804 4074 non
825 3993 966 4075 habeat
986 3991 1170 4087 formam,
1197 3994 1308 4075 nobis

159 4105 252 4185 licet
271 4105 530 4213 incognitam.

215 4217 297 4297 Res
316 4218 436 4298 etiam
457 4218 627 4326 fingulae,
656 4219 730 4296 five
756 4216 971 4310 individua,
996 4245 1082 4325 quae
1101 4214 1221 4324 vulgo
1242 4243 1309 4293 vo-

160 4347 261 4423 cant,
280 4329 450 4437 fingulas
469 4332 618 4439 fibique
638 4329 813 4439 proprias
833 4328 979 4409 formas
1000 4327 1167 4420 habent;
1194 4325 1309 4406 diffe-
