2956 4980
158 269 238 347 290
383 234 545 329 Literae
571 231 768 330 Oliverii
794 233 1087 330 Protedods.

160 405 324 488 Londini
332 408 438 489 urbis
451 405 694 517 praefedtum,
706 426 746 487 et
759 407 977 489 Gulielmum
985 406 1314 516 Wakefeildmer·

161 538 349 614 catorem,
385 549 455 630 per
491 520 673 601 libellum
708 519 927 629 supplicem
963 518 1075 601 nobis
1106 520 1314 601 ostendiffe

161 631 394 742 scripfimus,
406 660 546 713 navem
559 634 701 741 Jonam
717 630 791 711 suis
807 630 1003 713 mercibus
1017 633 1214 727 onustam,
1226 661 1315 741 quae

164 745 356 854 Ostendam
375 742 623 839 veherentur,
638 745 894 837 Dunkirkam,
914 772 1001 854 quae
1016 764 1103 825 tum
1122 748 1315 855 temporis

160 857 201 935 in
236 857 384 938 Gallica
413 857 563 936 ditione
591 875 687 950 erat,
719 853 946 965 bpraedone
976 857 1152 965 quodam
1182 859 1318 938 Caroli

163 969 320 1050 Stuarti
336 968 408 1049 filii
427 967 607 1075 auspiciis
622 969 829 1078 piraticam
844 965 1011 1049 faciente
1030 997 1082 1048 ex
1102 967 1185 1076 ipso
1207 966 1314 1051 Tra-

160 1082 260 1187 mrfis
277 1081 376 1161 ostio
395 1079 506 1161 fuisse
525 1080 752 1189 abreptam:
774 1079 826 1173 se,
841 1076 935 1161 ciam
954 1108 1005 1160 ex
1023 1080 1161 1161 edidis
1176 1082 1313 1163 vestris

162 1193 357 1301 vestrique
376 1191 525 1271 confilii
541 1191 719 1285 decretis,
736 1191 880 1300 quibus
895 1211 978 1273 erat
989 1213 1168 1287 cautum,
1184 1221 1316 1302 nequa

164 1307 272 1385 navis
291 1304 503 1411 Anglorum
527 1303 574 1383 ab
594 1302 768 1384 hostibus
789 1305 1029 1387 Parlamenti
1046 1324 1160 1415 capta
1179 1306 1316 1387 vestris

164 1417 353 1526 portubus
374 1417 625 1526 reciperetur,
645 1415 835 1496 venalisve
854 1418 961 1511 effet,
980 1414 1003 1497 d
1023 1419 1203 1499 Domino
1219 1420 1316 1524 Les-

163 1529 272 1610 trado
292 1530 396 1609 illius
415 1529 553 1638 oppidi
576 1525 757 1638 praefedto
781 1528 1029 1637 postulaffent
1048 1549 1092 1609 ut
1111 1531 1225 1610 reddi
1245 1531 1316 1611 fibi

164 1669 304 1721 navem
336 1642 445 1720 suam
471 1660 588 1749 atque
613 1640 714 1720 bona
734 1640 906 1746 juberet,
939 1641 1164 1751 responsum
1190 1642 1316 1725 abeo

165 1753 305 1846 tuliffe,
332 1752 420 1832 sane
447 1780 573 1861 neque
594 1753 679 1833 viro
698 1754 887 1863 primario
909 1753 1091 1860 dignum,
1115 1782 1247 1864 neque
1267 1785 1316 1837 eo
1362 1832 1366 1837 .

164 1867 233 1972 qui
256 1867 360 1972 Regi
380 1864 446 1944 suo
467 1864 553 1944 satis
572 1865 678 1945 dido
697 1865 857 1945 audiens
877 1867 1087 1959 videretur,
1108 1865 1145 1945 se
1164 1867 1317 1949 scilicet

163 1975 212 2055 ab
237 1979 349 2084 Rege
374 1976 510 2056 Galliae
533 1977 584 2056 ob
612 1977 789 2058 navatam
818 1978 858 2056 in
889 1977 993 2058 bello
1018 2005 1180 2087 operam
1211 1980 1317 2062 hanc

164 2087 432 2197 praefeduram
462 2090 624 2198 praemio
650 2088 859 2199 accepifle3
890 2109 1117 2171 curaturum
1148 2093 1318 2201 proinde

165 2201 224 2279 uti
239 2231 284 2281 ea
296 2198 417 2310 quim
431 2199 606 2280 maxime
622 2203 782 2309 quaestui
800 2202 869 2281 fibi
884 2203 952 2283 fit:
974 2231 1046 2312 per
1061 2201 1117 2284 fas
1131 2206 1318 2287 videlicet

165 2341 210 2393 ac
230 2312 360 2409 nefas;
383 2313 422 2393 id
442 2315 550 2394 enim
569 2314 736 2395 minime
752 2313 925 2394 laborare
939 2315 1155 2396 videbatur.
1192 2320 1319 2427 Qasr

164 2426 257 2506 verb
277 2425 379 2506 hanc
398 2424 669 2535 praefecturam
688 2445 806 2535 atque
827 2427 1076 2507 Provinciam
1096 2428 1319 2535 Majcstatis

165 2539 297 2617 vestrae
317 2538 419 2617 dono
442 2536 661 2647 accepiffet,
681 2558 724 2619 ut
744 2538 865 2619 socios
877 2536 993 2644 juxti
1012 2539 1209 2650 spoliaret,
1231 2543 1319 2622 ves-

167 2667 301 2757 traque
317 2651 443 2729 edida
456 2649 495 2727 in
509 2678 646 2730 eorum
660 2653 825 2756 gratiam
839 2654 1088 2760 promulgata
1101 2681 1172 2762 pro
1188 2652 1320 2734 nihilo
1351 2720 1356 2729 .

164 2758 339 2842 haberet.
401 2762 523 2873 Qod
537 2764 643 2841 enim
657 2764 747 2842 Rex
764 2764 915 2859 Gallia,
933 2766 958 2843 sr
975 2764 1150 2845 maxime
1166 2767 1215 2846 ab
1229 2765 1320 2848 hos-

165 2873 267 2953 tibus
289 2872 437 2954 factum
457 2892 591 2954 contra
611 2902 681 2954 nos
701 2875 892 2970 voluiffet,
917 2874 1009 2956 faeti
1038 2898 1170 2958 tamen
1191 2880 1318 2987 parti-

165 2986 271 3095 cipes
285 2987 368 3067 suos
381 2985 649 3080 effevetuit,id
660 2986 1001 3097 regiuspraefeetus
1013 3010 1147 3071 contra
1159 2993 1318 3098 regium

165 3098 418 3179 interdictum
439 3125 517 3178 non
542 3100 661 3178 modo
682 3099 767 3179 fieri
786 3101 841 3179 est
858 3100 999 3210 pallus,
1028 3122 1072 3183 ut
1090 3131 1161 3183 nos
1180 3105 1318 3184 vestris

165 3212 206 3288 in
228 3211 416 3319 portubus
436 3212 710 3319 diriperemur,
735 3212 947 3321 praedaeque
971 3213 1150 3308 effemus,
1175 3244 1317 3295 verum

166 3323 287 3402 etiam
314 3322 392 3432 ipse
417 3324 595 3432 diripuit,
625 3322 704 3431 ipse
731 3324 866 3434 praedae
893 3324 1046 3422 habuit,
1073 3326 1190 3436 seque
1222 3327 1317 3409 facti

165 3432 374 3514 authorem
394 3436 523 3544 palam
544 3434 733 3545 profeffus
753 3436 822 3516 est.
873 3438 967 3517 Hoc
987 3441 1119 3547 itaque
1136 3439 1318 3548 responso

165 3566 398 3626 mercatores
414 3546 560 3626 infecto
574 3550 732 3654 negotio
745 3549 845 3628 irriti
858 3568 974 3658 atque
987 3552 1079 3630 elufi
1095 3550 1315 3633 discessere:

166 3658 311 3768 nosque
344 3656 425 3738 haec
449 3659 587 3737 itidem
612 3659 808 3769 superiore
835 3689 938 3741 anno
959 3662 1157 3768 Majestati
1184 3665 1319 3744 vestrae

165 3798 235 3880 per
257 3772 384 3851 literas
405 3769 706 3878 fignificavimus
736 3772 901 3852 succeffu
932 3773 1025 3854 licet
1052 3774 1156 3869 haud
1187 3778 1318 3858 multo

166 3884 353 3980 meliore;
385 3881 581 3961 nihildum
606 3884 715 3962 enim
741 3884 906 3995 responfi
931 3887 979 3964 ad
1003 3915 1066 3967 eas
1089 3888 1219 3969 literas
1243 3887 1317 3970 ha·

165 3993 337 4075 buimus.
399 3996 520 4107 Qod
545 4022 623 4074 non
645 3994 898 4077 habuerimus
921 3998 1098 4078 accidille
1121 4000 1161 4080 id
1186 4003 1317 4082 credi-

166 4135 269 4200 mus,
286 4125 489 4214 propterea
510 4105 618 4214 qubd
637 4135 684 4186 eo
698 4114 878 4218 'tempore
896 4109 1104 4191 Praefedtus
1124 4113 1190 4192 ille
1210 4117 1318 4223 apud

164 4219 383 4299 exercitum
404 4219 444 4297 in
466 4218 650 4299 Flandria
668 4220 768 4316 fuit;
798 4249 903 4302 nunc
924 4223 964 4302 in
985 4223 1081 4304 urbe
1102 4224 1183 4334 ipsa
1197 4227 1318 4309 Pari-

150 4330 293 4437 ſsorum
321 4331 443 4436 degit,
476 4330 538 4408 vel
578 4332 707 4439 potius
734 4360 805 4441 per
831 4333 971 4415 urbem
1001 4364 1150 4445 perque
1183 4339 1317 4420 aulam

164 4444 385 4524 nostrorum
417 4440 549 4552 spoliis
576 4443 835 4554 locupletatus
873 4447 1038 4559 impune
1066 4449 1219 4532 volitat.
1279 4454 1319 4532 A
