2956 4980
377 238 591 373 Epistolae
618 239 897 338 Familiares,
1136 283 1217 364 403

65 413 279 522 Sallustius.
338 415 425 496 Has
445 443 520 522 ego
539 416 701 495 virtutes
722 415 923 496 Historieo
943 414 1060 496 inesse
1080 433 1220 523 putem

63 545 261 631 oportere,
292 528 362 633 qui
392 526 493 608 faeta
530 526 644 606 dietis
682 548 978 635 exaequaturum
1010 527 1047 606 se
1075 527 1215 636 speret.

66 638 222 716 Verum
237 639 334 746 quid
350 666 425 745 ego
441 639 513 718 tibi
529 638 622 717 ista?
652 637 700 716 ad
718 667 804 746 quae
823 659 866 719 tu
883 639 978 747 ipse,
994 666 1073 746 quo
1093 667 1133 718 es
1153 640 1216 717 in-

63 749 199 855 genio,
220 778 291 858 per
311 769 349 829 te
370 751 534 845 suffieis3
555 748 704 859 quique
724 778 813 830 eam
833 752 1017 857 ingressus
1037 779 1077 830 es
1094 752 1216 844 viam,

64 862 204 969 inqua
224 863 251 940 s1
272 863 417 969 pergis,
443 864 644 942 neminem
666 863 804 972 teipso
829 863 1045 943 dostiorem
1071 864 1216 969 poteris

64 972 174 1052 brevi
194 972 418 1053 consulere:
450 994 489 1054 et
515 977 573 1054 uti
599 1001 752 1081 pergas,
781 1003 1008 1085 quanquam
1030 975 1102 1053 tibi
1121 973 1216 1054 hor·

64 1102 148 1163 tatu
169 1112 249 1164 non
264 1113 363 1194 opus
383 1087 440 1165 est
460 1086 704 1194 cujusquam,
721 1114 769 1165 ne
784 1089 946 1166 omnino
964 1104 1094 1166 tamen
1115 1086 1216 1165 nihil

63 1223 137 1302 pro
157 1198 430 1305 expectatione
446 1217 512 1277 tua
532 1197 762 1306 respondisse
777 1199 921 1292 videar,
936 1216 1128 1308 quantum
1148 1226 1217 1276 va-

65 1307 145 1386 lere
167 1336 232 1386 me
253 1311 480 1389 audioritate
500 1310 605 1417 apud
626 1329 664 1388 te
688 1308 792 1403 s1nis,
817 1308 953 1390 hortor
977 1337 1216 1417 magnopere

64 1437 183 1528 atque
204 1425 338 1501 audior
357 1421 457 1499 sum.
517 1421 632 1514 Vale,
648 1417 791 1529 tuaique
804 1423 947 1501 virtute
963 1439 1003 1500 et
1021 1422 1216 1532 sapientiae

64 1531 312 1638 acquirendae
331 1532 455 1612 studio
476 1537 603 1612 macie
623 1532 717 1611 esto.

125 1642 447 1754 Westmonasterio,
469 1644 603 1724 idibus
623 1645 795 1752 Qintil.
823 1645 943 1750 1657.

377 1954 444 2031 24.
477 1930 642 2010 Henrico
665 1927 911 2035 Oldenburgo.

167 2089 263 2168 Uod
285 2090 513 2169 Salmurium
532 2091 855 2198 peregrinationis
874 2090 1018 2183 vestra,
1040 2107 1084 2169 ut
1103 2106 1216 2199 put0,

195 2199 327 2279 sedem
339 2201 557 2281 incolumes
570 2200 811 2312 pervenistis,
825 2203 998 2309 gaudeo:
1016 2200 1092 2281 hoc
1108 2201 1217 2279 enim

65 2329 104 2390 te
124 2338 203 2390 non
224 2309 380 2406 fefellit,
407 2313 447 2392 id
474 2312 577 2392 mihi
601 2314 796 2422 imprimis
820 2312 1081 2419 gratiiiimum
1105 2309 1214 2405 sore;

64 2440 110 2500 ut
128 2424 200 2529 qui
219 2442 259 2502 et
278 2443 316 2504 te
338 2426 480 2504 merito
506 2445 576 2505 tuo
599 2427 779 2532 diligam,
803 2444 843 2504 et
874 2424 1038 2531 suscepti
1069 2424 1218 2502 itineris

63 2533 220 2613 eausam
245 2555 329 2616 tam
352 2536 427 2615 effe
452 2536 655 2616 honestam
679 2556 796 2644 atque
820 2536 1059 2616 laudabilem
1083 2535 1215 2614 sciam.

67 2645 190 2757 Qod
210 2666 344 2726 autern
364 2649 502 2727 audisti
521 2650 749 2729 accersitum
770 2648 951 2729 Ecclesrae
975 2667 1056 2728 tam
1079 2647 1220 2726 illustri

65 2758 287 2838 erudienda
306 2760 539 2839 Antistitem
555 2781 636 2840 tam
657 2759 863 2853 infamem,
884 2761 925 2840 id
945 2760 1107 2839 mallem
1127 2760 1218 2866 qui·

64 2871 123 2949 vis
143 2869 241 2949 alius
257 2872 298 2949 in
313 2873 526 2965 Charontis,
539 2900 660 2979 quam
678 2892 719 2952 tu
740 2873 780 2950 in
796 2871 1057 2951 Charentonis
1076 2870 1218 2977 cymba

65 2980 253 3061 audisses:
284 2983 500 3063 verendum
520 2986 629 3064 enim
645 2984 702 3063 est
715 2982 841 3077 valde,
857 3011 905 3062 ne
926 3002 1009 3062 toto
1028 2982 1129 3062 coelo
1147 2982 1218 3060 de-

65 3093 152 3172 vius
173 3091 391 3188 frustretur,
411 3095 586 3202 quisquis
607 3116 687 3176 tam
708 3093 814 3173 foedo
833 3094 986 3201 auspice
1006 3111 1218 3202 perventu·

64 3230 156 3283 rum
176 3204 214 3282 se
233 3232 410 3313 unquam
430 3206 478 3285 ad
498 3206 654 3315 superos
681 3224 807 3315 putat.
867 3207 936 3285 Vae
958 3206 1018 3285 illi
1038 3203 1219 3285 Ecclesrae

66 3315 198 3420 (Deus
218 3319 338 3396 modo
359 3337 506 3398 avertat
524 3320 660 3427 omen)
676 3318 744 3397 ubi
761 3318 854 3397 tales
867 3317 1043 3397 Ministri
1062 3318 1220 3396 aurium

66 3428 182 3507 causi
201 3429 448 3536 potiffimum
463 3429 632 3539 placent,
649 3458 746 3538 quos
759 3428 946 3522 Ecclesia,
961 3427 988 3506 fi
1008 3428 1219 3509 reformata

64 3566 156 3617 vere
171 3539 256 3618 vult
272 3539 366 3633 dici,
383 3541 540 3646 ejiceret
553 3544 693 3621 rcellus
710 3568 830 3648 quam
846 3558 1060 3650 cooptaret.
1095 3541 1219 3652 Qiod

65 3650 219 3758 Scripta
245 3652 374 3731 nostra
405 3653 554 3731 nemini
582 3655 652 3732 nist
676 3652 849 3760 poscenti
873 3653 1096 3761 impertisti,
1118 3656 1219 3732 redte

66 3779 109 3839 tu
144 3761 309 3868 quidem
333 3781 373 3842 et
397 3764 609 3870 eleganter,
641 3792 770 3872 neque
802 3792 852 3842 ex
876 3793 965 3843 mea
989 3764 1129 3856 solum,
1155 3762 1219 3842 sed

64 3873 188 3952 etiam
208 3902 258 3952 ex
279 3877 497 3955 Horatiana
518 3877 716 3955 Sententia
736 3874 886 3967 fecisti3

210 4048 274 4125 Ne
321 4045 402 4126 udr'o
421 4046 535 4155 noslri
541 4065 685 4157 pecces,
705 4045 893 4154 odiumque
911 4043 1028 4125 libelli

209 4158 257 4237 Se
283 4159 366 4238 ulus
384 4159 554 4269 importes
571 4158 684 4269 operi
702 4159 921 4237 vehemente.

66 4319 402 4400 Commorabatur
425 4321 484 4398 vir
508 4321 644 4399 doetus
668 4320 847 4427 quidam,
867 4314 1069 4396 familiaris
1094 4340 1220 4406 meus,

64 4431 265 4541 superiore
284 4432 410 4511 aestate
434 4430 617 4517 Salmurii
626 4462 639 4522 ;
669 4433 701 4511 is
724 4430 773 4510 ad
798 4458 863 4509 me
887 4427 1048 4538 scripsit,
1073 4425 1221 4505 librum
