2956 4980
98 227 214 360 Cap.
241 269 306 349 19.
416 225 604 324 Plenior
631 223 877 326 Institutio.
1169 246 1219 350 ⁶3

125 401 167 479 Si
184 400 430 508 gravioribus
457 402 570 482 malis
600 401 708 482 dedit
727 403 838 482 Deus
858 401 995 495 finem,
1023 404 1132 483 dabit
1159 402 1221 483 his
1352 488 1357 498 ,

63 511 187 592 certe.
248 513 313 592 Sic
330 512 410 596 Cic.
433 542 503 621 pro
524 517 733 594 Murano:
765 514 861 593 Noli
874 533 950 593 tam
971 513 1035 623 effe
1053 513 1221 623 injustus,

66 641 113 703 ut
131 621 216 705 crim
234 624 297 705 tui
307 625 439 735 stantes
461 626 527 705 vel
540 625 695 705 inimicis
717 628 793 705 tuis
814 644 989 734 pateant,
1014 628 1146 736 nostros
1164 629 1221 708 ri-

65 737 189 830 vulos,
209 738 321 817 ettam
338 738 466 818 amicir
477 755 588 847 putes
607 735 744 843 clausos
762 737 826 847 affl
845 756 1021 846 oportere.

125 850 241 929 Fieta
259 848 369 929 etiarn
387 849 530 956 majora
549 848 639 928 idem
663 851 843 930 valentin
858 849 944 957 suis
966 849 1220 962 corfiquentiis

65 961 135 1038 vel
147 960 361 1069 refutandis
378 962 445 1042 vel
452 960 665 1070 probandis.

115 1073 346 1162 ,Refutandi
365 1073 597 1182 exemplum
617 1075 672 1153 est
698 1074 841 1153 Terent.
864 1076 1009 1154 Heaut.

464 1258 578 1270 -—
599 1211 912 1320 Satrapasſsſset

181 1325 360 1416 Amator,
380 1352 567 1432 nunquam
572 1322 741 1431 stafferre
755 1321 833 1428 ejus
837 1322 989 1429 sumtus
1007 1342 1143 1433 queat:

187 1433 336 1516 Nedum
354 1453 398 1515 tu
411 1434 529 1544 poffis.

64 1582 177 1690 quafi
197 1580 359 1674 diceret,
381 1581 485 1688 finge
504 1579 695 1689 satrapam
715 1579 804 1659 effe.
837 1583 890 1660 Et
907 1579 1055 1664 AEneid.
1077 1605 1114 1687 5.

126 1718 375 1825 Magnanimo
393 1719 532 1810 AEuea,
553 1747 622 1797 non
628 1718 672 1822 st
687 1717 779 1796 milri
794 1716 956 1825 Jupiter
973 1721 1104 1797 audior

128 1829 327 1949 Spondeat²
347 1830 564 1938 noe-sperem
583 1829 738 1909 Italiam
757 1829 966 1936 contingere
985 1830 1095 1910 calo:

126 1942 285 2024 Mutati
299 1940 712 2048 trarfirersasremunt,
730 1944 822 2035 &c.,

128 2056 215 2135 Nec
229 2085 292 2136 nos
311 2054 428 2135 obniti
443 2052 589 2148 contrd,
607 2083 671 2134 nec
689 2051 835 2133 tendere
853 2051 1001 2132 tantiam

131 2165 351 2275 Srffcirnus.

70 2319 100 2395 i.
121 2344 158 2395 e.
180 2317 308 2396 multo
328 2343 433 2395 nunc
453 2316 584 2395 minus
601 2315 701 2419 Jove
722 2341 800 2393 non
820 2312 1045 2422 spondente.

339 2701 461 2778 CAP.
490 2699 585 2777 XX.
647 2697 710 2775 De
730 2695 954 2776 Minoribus.

91 2896 272 3037 §cypria
288 2872 386 2979 Ajus
406 2892 446 2952 et
466 2872 596 2951 minus
614 2872 715 2950 inter
731 2872 767 2950 se
783 2872 921 2953 affetta
933 2893 972 2952 et
986 2874 1102 2953 relata
1119 2874 1221 2958 sunt:

103 3018 130 3049 ..
165 2990 218 3071 n.
262 3001 263 3023 ι

228 3036 267 3071 ,η
316 2982 518 3092 adedque;
550 2984 664 3063 unius
702 2985 974 3064 definitionem
1004 2986 1072 3093 qui
1106 2988 1223 3078 norit,

230 3104 238 3135 ¹
319 3099 422 3178 norit
442 3096 612 3176 alterius.

90 3200 104 3229 .
170 3232 195 3247 ‘·
252 3226 270 3255 ³
375 3212 436 3287 Ut
456 3209 577 3314 igitur
595 3207 720 3312 majus
740 3207 796 3286 est
815 3208 1131 3313 cujusquantitas
1154 3237 1225 3287 ex··

73 3326 195 3419 cedit,
217 3325 273 3404 ita
291 3323 411 3402 minus
430 3322 477 3428 est
495 3317 601 3424 cujus
616 3319 808 3429 quantitas
827 3317 1031 3399 exceditur.
1084 3326 1225 3432 Qan·
1328 3364 1334 3383 .

74 3440 166 3519 titas
185 3455 318 3517 autem
338 3454 383 3511 ut
399 3432 555 3537 majoris
569 3450 651 3510 erat
665 3433 704 3510 in
721 3431 896 3537 qualibet
912 3459 1044 3510 rerum
1058 3433 1225 3512 elatione

76 3551 153 3630 live
173 3545 343 3638 exceffu,
369 3547 422 3625 ita
442 3571 545 3623 nunc
567 3545 729 3625 minoris
749 3543 804 3622 est
829 3545 868 3622 in
893 3543 1069 3650 qualibet
1093 3573 1225 3624 rerum

73 3659 341 3742 summiffione
358 3657 433 3737 five
449 3654 618 3735 defectu.
665 3657 953 3735 Sententiarum
971 3658 1078 3734 enim
1094 3659 1225 3737 minor

72 3771 327 3885 probabilitas
347 3788 414 3848 aut
435 3768 644 3847 difficultas
668 3767 801 3847 locum
825 3794 902 3845 non
927 3765 1060 3860 habet,
1087 3770 1157 3848 nifi
1186 3773 1226 3848 in

74 3889 278 3967 minorum
294 3880 422 3961 forma
435 3882 647 3988 explicata;
669 3882 775 3986 quod
790 3909 840 3960 ex
858 3878 1051 3983 majorum
1066 3908 1225 3988 quoque

73 3997 271 4107 explicata
300 3992 427 4074 forma
456 3992 626 4098 intelligi
657 3993 794 4098 potest.
854 3993 995 4070 Minus
1022 3991 1227 4097 igiturest

74 4111 186 4216 cujus
245 4108 411 4186 uantitas
446 4104 651 4184 exceditur
685 4101 706 4182 ὲ
741 4103 909 4208 majore:
947 4124 1226 4209 argumentum

74 4136 250 4330 itaquel
270 4220 422 4299 minore
441 4216 512 4310 est,
528 4213 623 4296 clun
644 4212 683 4291 id
702 4215 808 4321 quod
829 4217 959 4295 minus
979 4214 1049 4308 est,
1064 4214 1227 4295 adhibe·

75 4355 139 4415 tur
158 4334 205 4413 ad
226 4330 471 4439 arguendum
492 4329 531 4408 id
553 4327 659 4435 quod
680 4327 736 4405 est
755 4328 892 4432 majus.

131 4447 296 4528 Minora
328 4443 449 4522 etiam
480 4442 542 4521 vel
577 4441 734 4519 brevius
768 4440 989 4519 indicantur
1022 4439 1139 4533 notis,
1168 4440 1231 4520 vel
