2956 4980
169 291 218 345 10
571 254 698 348 Artis
723 253 908 384 Logicae
1028 188 1033 207 ἢ
1110 248 1219 348 Lib.
1241 294 1280 347 1.

163 456 243 508 non
263 428 481 538 ambiguas,
496 458 577 511 non
596 432 845 541 impropriae,
865 430 914 512 ab
933 430 1017 540 ipso
1036 430 1108 510 usu
1127 428 1318 538 loquendi

164 542 320 622 videtur
332 542 421 648 jure
438 542 525 623 sand
544 544 763 654 postulare:
785 572 844 624 res
865 544 962 653 ipsas
981 541 1127 623 artibus
1142 542 1318 650 quasque

166 653 241 734 suis
261 655 471 764 relinquit;
502 657 692 764 arguendi
709 656 899 737 duntaxat
922 656 1023 736 inter
1043 654 1080 734 se
1100 682 1222 764 quam
1240 652 1317 734 ha-

165 765 282 847 beant
299 767 548 847 affeetionem
568 768 643 848 five
663 770 856 848 rationem
875 768 1101 849 considerat.

222 879 336 959 Ratio
355 898 488 960 autem
512 879 671 974 dicitur,
691 908 788 960 voce
813 878 1153 961 dMathematicis
1176 879 1315 987 petita,

164 1016 242 1096 qua
266 992 527 1071 terminorum
551 992 907 1102 proportionalium
930 993 1032 1072 inter
1054 991 1091 1071 se
1110 1010 1217 1071 certa
1239 988 1315 1069 ha-

165 1102 304 1183 bitudo
324 1102 573 1210 significatur.

220 1218 496 1322 Argumentum
525 1216 574 1324 est
605 1214 803 1323 artfficiole
830 1233 900 1295 aut
932 1212 1184 1322 inartificiale.
1251 1212 1317 1293 Sic

162 1327 322 1434 Arssot.
345 1329 458 1409 Rhet.
478 1354 513 1407 1.
534 1354 596 1409 12.
619 1356 741 1437 quern
754 1327 897 1409 Fabius
915 1326 1101 1437 sequitur,
1121 1327 1148 1406 Ι.
1169 1352 1207 1432 ς.
1221 1354 1257 1406 c.
1278 1352 1314 1404 1.

165 1439 294 1519 Cicero
309 1441 351 1519 in
363 1440 507 1545 irfitum
520 1460 559 1522 et
574 1442 790 1551 offitmptum
807 1440 959 1522 dividit.
1003 1438 1222 1519 Artificiale
1242 1466 1317 1517 au-

165 1562 247 1630 tem
276 1553 435 1646 dicitur,
468 1581 546 1632 non
572 1582 654 1661 quo
681 1552 903 1633 inveniatur
929 1571 1009 1632 arte
1041 1554 1167 1658 magis
1192 1547 1316 1659 quim

163 1663 421 1757 inartificiale‚
442 1664 505 1745 sed
524 1665 632 1774 qubd
651 1692 701 1744 ex
722 1664 797 1744 sese
816 1666 960 1772 arguit,
981 1666 1009 1744 i.
1026 1692 1062 1743 e.
1078 1666 1118 1742 vi
1138 1664 1249 1743 infita
1269 1689 1317 1744 ac

164 1777 336 1884 propria.

219 1888 437 1997 Artssciale
450 1888 498 1996 est
509 1888 687 1997 primum,
704 1890 769 1968 vel
783 1888 808 1968 a*
820 1889 941 1999 primo
960 1906 1094 1969 ortum.
1126 1886 1316 1981 Primum,

163 1998 260 2108 quod
274 2001 322 2108 est
331 1998 419 2107 sttae
441 1999 606 2108 originis.
667 2001 713 2080 Id
742 2000 812 2095 est,
842 2000 1093 2081 affedtionem
1121 1999 1315 2106 arguendi

164 2138 243 2189 non
267 2112 388 2193 modb
412 2113 453 2191 in
478 2113 515 2191 se
539 2111 672 2207 habet,
703 2112 767 2191 sed
791 2113 911 2192 etiam
936 2109 958 2191 d
982 2112 1019 2191 se
1033 2140 1045 2204 ;
1075 2113 1183 2220 quod
1211 2108 1318 2190 infrit

162 2223 303 2303 clarius
322 2223 485 2333 patebit,
500 2221 594 2303 ciam
613 2226 710 2334 quid
726 2225 771 2304 fit
786 2222 808 2304 ὲ
820 2224 942 2335 primo
957 2243 1078 2304 ortum
1093 2224 1316 2305 docebitur.

222 2336 394 2419 Primum
412 2337 624 2445 eststmplex
643 2358 712 2419 out
731 2355 997 2445 comparatum.

222 2447 398 2557 Simplex,
411 2448 508 2559 quod
507 2448 731 2559 simpliciter
747 2467 783 2529 et
797 2448 958 2554 absolut>
972 2447 1234 2554 confideratur.
1267 2446 1318 2526 Id

163 2558 232 2652 est,
260 2560 480 2670 simplicem
503 2559 622 2642 habet
645 2561 893 2641 affedtionem
920 2560 1109 2668 arguendi
1135 2560 1175 2639 id
1204 2559 1318 2666 quod

162 2673 354 2778 arguitur,
375 2673 452 2752 fine
471 2675 697 2782 quantitatis
715 2693 783 2753 aut
801 2673 999 2781 qualitatis
1018 2701 1111 2753 cum
1131 2700 1179 2751 eo
1199 2698 1318 2750 com-

161 2804 375 2892 paratrone.

220 2896 383 3007 Simplex
401 2898 450 3007 est
467 2895 739 3003 consentaneum
757 2914 826 2977 aut
844 2895 1116 3006 dtffentaneum.

220 3010 330 3090 Nam
359 3038 445 3117 quae
474 3010 551 3090 fine
580 3010 873 3119 comparatione
907 3009 1207 3101 confiderantur,
1244 3033 1321 3086 ne·

162 3121 258 3201 cesse
278 3123 416 3202 estve]
435 3122 677 3202 consentient
696 3123 797 3201 inter
816 3122 867 3214 se,
886 3121 950 3199 vel
969 3119 1203 3201 diffentiant.

221 3234 504 3340 Corfintaneum
519 3235 567 3342 est
585 3232 683 3344 quod
692 3231 866 3340 corfintit
880 3261 962 3313 cum
981 3262 1023 3313 re
1041 3262 1150 3342 quam
1164 3230 1318 3338 arguit.

164 3345 211 3424 Id
230 3344 300 3443 est,
320 3346 446 3454 ponit,
466 3346 543 3424 five
563 3345 731 3425 affirmat
747 3345 821 3424 esse
837 3372 923 3424 rem
941 3372 1063 3453 quam
1083 3344 1226 3451 arguit.

220 3459 355 3568 Estque
392 3458 664 3564 corfintaneum
707 3455 867 3565 absolut>
903 3475 972 3537 aut
1009 3455 1106 3537 modo
1143 3453 1316 3566 quodam.

161 3569 366 3665 Absolute,
382 3570 409 3649 i.
426 3599 461 3648 e.
476 3569 673 3678 perfeete3
694 3570 887 3649 absolvere
907 3571 1016 3649 enim
1035 3569 1091 3648 est
1108 3567 1316 3677 perficere.

161 3682 372 3790 Aristotelis
389 3710 547 3791 quoque
567 3680 649 3762 haec
672 3681 894 3762 distributio
919 3681 988 3760 est.
1050 3686 1151 3794 Qae
1178 3696 1318 3758 autem

161 3793 335 3875 absolute
354 3794 614 3889 consentiunt,
640 3822 778 3874 eorum
802 3795 970 3873 alterum
994 3792 1152 3871 alterius
1176 3792 1216 3870 vi
1241 3819 1318 3870 ex·

162 3906 274 3985 istere
290 3906 541 4014 intelligitur3
563 3926 603 3986 et
622 3906 673 3987 fic
692 3906 939 3986 consentiunt
954 3904 1066 3984 causa
1080 3923 1121 3985 et
1134 3902 1316 3983 effeetus.

161 4020 295 4125 Atque
325 4015 384 4098 hae
412 4019 499 4099 sunt
527 4037 851 4127 argumentorum
875 4015 1165 4097 distributiones
1191 4042 1318 4123 gene-

161 4130 258 4210 rales
284 4158 334 4210 ex
358 4129 613 4211 affectionum
637 4129 868 4210 differentiis
897 4128 1135 4238 desumptae;
1166 4128 1318 4236 subque

161 4270 265 4322 nunc
294 4242 430 4322 ordine
460 4242 684 4352 fingulatim
718 4240 946 4323 tractanda:
986 4258 1315 4349 argumentorum

159 4376 290 4436 autem
317 4356 501 4435 omnium
525 4356 702 4466 primum
728 4355 838 4462 causa
857 4356 937 4447 est;
967 4352 1008 4432 id
1037 4352 1144 4462 qubd
1173 4380 1246 4462 per
1277 4352 1317 4431 se

157 4469 286 4576 quivis
306 4467 525 4577 intelligere
546 4467 684 4579 potest.
