2956 4980
162 256 244 341 3²4
385 215 548 313 Literae
574 211 769 312 Oliverii
794 216 1085 311 Protedtoris.

160 391 373 472 latrociniis
392 417 500 470 mare
519 388 642 471 tutibs
661 387 891 496 navigerum
923 385 1009 468 fore
1027 407 1073 469 ut
1091 387 1309 498 Hypanim

160 504 330 597 fraudes,
362 503 506 583 ducem
541 504 709 583 alterum
744 501 792 581 ad
825 498 1018 580 Hesdenae
1050 502 1310 610 proditionem

160 644 255 696 auro
273 634 521 724 corruptum,
542 615 710 694 alterum
735 613 782 691 ad
805 611 1022 693 Ostendam
1041 613 1137 693 dolo
1155 632 1311 723 captum

161 729 305 808 virtute
330 725 471 806 bellica
502 726 686 832 Majestas
715 723 840 804 vestra
865 751 971 804 nunc
995 723 1107 804 brevi
1130 726 1310 806 vindicet.

163 839 290 919 Mitto
320 839 451 945 itaque
482 837 766 917 nobiliffimum
798 836 930 915 virum
951 834 1128 918 Thomam
1147 838 1311 918 Viceco-

162 952 304 1031 mitem
324 949 623 1055 Falconbrigium
642 976 833 1055 generum
856 975 1008 1042 meum,
1021 950 1092 1059 qui
1111 968 1154 1029 et
1171 952 1312 1030 adven·

163 1081 251 1142 tum
269 1061 443 1142 vestrum
462 1062 503 1139 in
524 1081 605 1142 tam
624 1061 847 1170 propinqua
867 1061 978 1142 nobis
1001 1061 1123 1141 castra
1143 1063 1312 1169 gratula-

162 1193 283 1268 retur,
302 1193 342 1254 et
359 1170 493 1253 cordm
512 1191 684 1281 exponat
702 1192 850 1281 quanto
871 1200 939 1252 nos
959 1172 1086 1253 studio
1099 1173 1312 1278 Majestatis

162 1285 294 1366 vestrae
310 1279 369 1365 res
387 1285 511 1392 gestas
527 1313 604 1364 non
620 1285 767 1391 junctis
781 1283 909 1364 solum
921 1284 1068 1364 viribus
1084 1286 1243 1381 nostris,
1257 1287 1312 1367 sed

162 1399 263 1478 votis
292 1398 411 1478 etiam
443 1395 627 1477 omnibus
658 1395 953 1505 prosequamur,
985 1397 1044 1476 uti
1072 1397 1188 1477 Deus
1217 1401 1310 1509 Opt.

164 1510 280 1589 Max.
313 1528 353 1589 et
384 1508 506 1617 ipsam
536 1508 794 1601 incolumem,
824 1527 864 1588 et
895 1508 1064 1588 nostram
1097 1511 1312 1590 amicitiam

163 1620 423 1701 firmissimam
453 1621 660 1701 communi
689 1620 795 1701 orbis
827 1621 1033 1729 Chrssiani
1062 1619 1170 1702 bono
1197 1650 1312 1731 quam

161 1732 375 1812 diutissime
394 1734 606 1813 conservet.

223 1856 530 1965 Wrstmonasterio
548 1886 594 1936 ex
612 1857 721 1936 Aula
738 1856 861 1964 nostra

171 2006 175 2013 ·
360 1967 468 2048 Maii
481 1998 547 2048 an.
575 1967 695 2075 1658.

248 2339 467 2447 Serenffmo
488 2339 670 2451 Princrpt'
684 2342 947 2439 Ferdinando,
969 2344 1078 2427 Duci
1095 2345 1245 2456 Magno

647 2454 862 2535 Hetruriae.

247 2630 492 2710 Serenislime
513 2632 610 2710 Dux
632 2632 807 2738 Magne3

166 2755 343 2945 CUm
364 2755 565 2834 Celfitudo
584 2755 708 2834 vestra
734 2758 775 2835 in
802 2756 987 2837 omnibus
1007 2755 1174 2866 quidem
1193 2759 1312 2840 literis

285 2867 360 2948 suis
400 2866 595 2948 summam
625 2895 718 2975 erga
747 2896 817 2949 nos
852 2870 1168 2950 benevolentiam
1206 2871 1312 2951 suam

162 2980 275 3059 nobis
313 2980 465 3090 semper
504 2978 788 3086 fignificaverit,
827 2980 1007 3062 dolemus
1046 2983 1086 3061 id
1125 2983 1313 3092 praesedtis

162 3091 297 3172 vestris
317 3122 362 3173 ac
381 3092 567 3172 ministris
586 3111 655 3171 aut
674 3110 755 3172 tam
774 3091 935 3173 obscure
956 3093 1232 3202 significatum,
1249 3114 1314 3175 aut

164 3222 245 3283 tam
273 3204 376 3284 male
405 3204 477 3284 esse
506 3204 765 3299 intellectum,
794 3224 839 3284 ut
866 3207 906 3284 in
932 3207 1052 3285 Portu
1076 3206 1312 3315 Liburnenfi,

163 3317 230 3396 ubi
251 3315 426 3396 maxime
445 3345 530 3425 quae
549 3316 672 3395 vestra
694 3317 739 3396 stt
758 3345 849 3424 erga
868 3347 938 3399 nos
958 3318 1232 3399 benevolentia
1256 3324 1313 3400 in·

164 3428 290 3534 telligi
309 3448 521 3536 oporteret,
543 3456 612 3507 nos
639 3430 794 3508 nullum
821 3429 902 3537 ejus
929 3430 1103 3510 frustum
1122 3452 1191 3512 aut
1211 3434 1313 3512 indi·

163 3540 270 3618 cium
298 3540 500 3646 percipere
527 3567 740 3646 queamus;
772 3542 899 3621 immo
923 3542 1097 3621 alienum
1124 3545 1258 3653 potius
1276 3564 1315 3624 et

162 3649 346 3730 hostilem
373 3650 588 3728 vestrorum
616 3652 655 3728 in
684 3679 754 3731 nos
778 3654 957 3732 animum
982 3656 1106 3735 indies
1133 3659 1314 3766 experia-

162 3791 267 3843 mur.
374 3758 464 3841 udm
484 3761 593 3841 enim
612 3789 692 3843 non
717 3765 853 3844 amicis
877 3765 1005 3845 nostra
1023 3766 1146 3847 claffis
1167 3768 1315 3849 Libur-

162 3874 327 3981 nenſsbus
346 3906 370 3956 u
389 3904 409 3955 a
430 3876 656 3984 nuperrime
676 3875 735 3969 fit,
755 3874 874 3985 qudm
896 3877 1012 3956 nullis
1032 3877 1162 3984 adjuta
1185 3881 1315 3976 rebus,

163 3984 283 4097 qudm
303 3985 495 4068 hostiliter
520 3987 690 4095 denique
717 4009 876 4098 accepta
904 3990 963 4069 bis
991 3991 1040 4069 ab
1066 3991 1137 4070 illo
1164 3995 1315 4104 oppido

162 4099 357 4181 discedere
377 4103 508 4179 coacta
528 4099 587 4193 fit,
608 4097 703 4180 cum
729 4128 781 4180 ex
804 4131 851 4181 eo
871 4101 953 4211 ipso
974 4102 1062 4181 loco
1082 4105 1220 4184 multis
1242 4105 1314 4185 tes-

163 4212 265 4294 tibus
286 4210 362 4290 fide
388 4211 532 4318 dignis,
554 4230 640 4291 tum
666 4240 717 4291 ex
745 4212 828 4320 ipso
849 4212 1063 4294 Navarcho
1083 4215 1229 4310 nostro,
1249 4219 1314 4296 cui

162 4323 255 4405 cbm
276 4323 430 4403 classem
449 4322 668 4415 credamus,
689 4325 867 4404 narrandi
887 4326 1007 4404 sidem
1028 4326 1215 4435 derogare
1236 4355 1314 4408 non

162 4435 376 4547 possumus,
406 4434 493 4516 satis
519 4436 701 4515 videmur
728 4435 840 4518 nobis
865 4435 1192 4547 nimisque.certb
1217 4466 1313 4549 cog·
