2956 4980
397 208 688 308 Prolusrones
716 216 954 309 Oratoriae.
1166 258 1247 340 415

96 384 185 464 sane
205 384 432 482 subsidium,
453 386 560 495 quod
580 388 742 466 Artium
768 384 968 467 scientiam
993 386 1163 471 feliciter
1187 394 1249 472 in-

96 495 281 576 choatam
302 499 464 607 posteris
484 497 759 579 absolvendam
779 499 1022 606 reliquerint.

157 609 258 688 Noli
289 612 425 716 igitur,
460 611 633 719 quisquis
665 638 719 703 es,
746 614 973 716 arrogantiae
1004 640 1069 690 me
1101 629 1248 694 temere

96 720 298 816 damnare,
317 723 424 830 quasi
444 750 519 829 ego
532 724 617 828 jam
636 741 815 800 veterum
833 724 1012 802 omnium
1036 726 1248 807 Poetarum

96 833 268 927 decreta,
306 835 414 915 nullst
452 837 567 914 nixus
600 832 850 926 authoritate,
884 834 1141 943 perfregerim
1179 859 1249 919 aut

98 946 418 1041 immutaverim;
451 973 576 1054 neque
608 947 716 1024 enim
747 945 786 1024 id
820 945 921 1024 mihi
951 947 1075 1041 sumo,
1106 948 1170 1027 sed
1201 979 1247 1031 ea

97 1060 375 1137 tantummodo
391 1058 438 1138 ad
455 1085 637 1137 normam
655 1057 816 1137 rationis
834 1086 1012 1137 revocare
1028 1088 1162 1154 conor,
1175 1090 1247 1142 ex·

96 1169 319 1276 ploraturus
349 1168 426 1250 hoc
457 1173 572 1278 pasto
604 1196 701 1248 num
740 1169 873 1277 rigidae
903 1169 1046 1278 possint
1075 1173 1247 1254 veritatis

96 1306 266 1360 examen
291 1283 386 1389 pati.
448 1282 648 1393 roirca
670 1281 801 1389 primo
822 1285 978 1360 nouem
998 1284 1160 1363 Tellure
1181 1314 1247 1365 or·

97 1410 182 1470 tam
201 1395 352 1472 erudite
376 1393 540 1502 quidem
564 1411 604 1472 et
630 1392 829 1499 eleganter
856 1389 1027 1472 fabulata
1051 1396 1107 1474 est
1126 1396 1245 1475 Anti·

95 1505 246 1611 quitas;
268 1505 363 1613 quid
376 1507 483 1585 enim
496 1503 601 1586 aliud
614 1505 764 1585 mundo
777 1507 933 1584 nostem
948 1503 1109 1586 obducit
1125 1534 1245 1614 quam

96 1616 213 1697 densa
232 1635 272 1695 et
288 1618 479 1727 impervia
495 1635 610 1710 terra,
625 1616 725 1697 Solis
740 1616 884 1695 lumini
900 1616 1106 1727 nostroque
1120 1619 1246 1700 Hori-

96 1733 208 1810 zonti
226 1730 477 1839 interpofita?
505 1728 613 1837 qudd
632 1757 720 1807 eam
739 1727 879 1808 deinde
895 1756 999 1809 nunc
1019 1732 1245 1839 patrimum,

95 1838 209 1921 fuisse
229 1861 373 1948 negant
384 1839 632 1948 Mythologi,
648 1868 753 1919 nunc
772 1840 1013 1933 matrimam,
1030 1842 1071 1921 id
1085 1870 1246 1953 quoque

95 1950 286 2032 festiviter
305 1953 467 2048 fidium3
488 1953 579 2032 inde
600 1952 791 2060 fiquidem
811 1955 913 2032 reue
933 1953 1134 2061 colligitur
1154 1958 1246 2064 spu·

96 2065 197 2146 riam
216 2064 328 2144 fixisse
348 2085 416 2146 aut
426 2065 683 2158 subdititiam,
699 2084 766 2144 aut
778 2065 942 2144 demum
962 2086 1139 2175 parentes
1152 2096 1246 2175 pro·

95 2176 177 2257 lem
211 2196 292 2257 tam
330 2176 519 2258 famosam
546 2195 585 2255 et
612 2176 845 2255 illiberalem
875 2205 953 2284 prae
983 2178 1131 2285 pudore
1164 2207 1244 2259 non

97 2289 305 2396 agnovisse.
366 2291 423 2369 At
437 2317 528 2370 vero
546 2317 616 2368 cur
631 2288 898 2367 existimarent
912 2289 1116 2367 Phanetem
1130 2289 1246 2370 illum

98 2401 266 2481 mirificd
277 2400 556 2510 supramodum
569 2397 790 2478 humanum
802 2396 1245 2492 facie,nodtemAEthio-

96 2513 235 2621 pisiam
247 2531 286 2592 et
297 2539 641 2621 monogrammam
654 2515 775 2590 etiam
788 2511 1141 2591 inMatrimonium
1154 2513 1246 2593 ada-

97 2626 230 2721 masse,
256 2625 423 2705 arduum
449 2623 622 2733 impense
643 2624 849 2731 negotium
867 2624 1021 2703 videtur
1041 2622 1062 2703 ὲ
1082 2625 1245 2733 vestigio

97 2737 286 2831 divinare,
307 2737 378 2816 nifi
397 2737 504 2844 quod
525 2734 779 2815 foeminarum
796 2734 954 2842 insignis
974 2735 1191 2816 admodum
1206 2738 1247 2817 id

97 2850 285 2957 temporis
323 2850 496 2958 paucitas
534 2847 731 2926 deledtum
777 2844 1039 2955 suppeditaret
1076 2848 1245 2931 nullum.

95 2960 225 3068 Atqui
247 2960 369 3068 presse
392 2988 554 3069 agamus
582 2978 621 3038 et
644 2959 838 3039 cominus.
900 2959 1103 3038 Phanetem
1123 2959 1245 3039 inter-

96 3073 464 3181 pretanturVeteres
478 3072 610 3151 Solem
627 3070 702 3150 five
718 3072 840 3150 Diem
854 3100 864 3163 ;
885 3070 1117 3178 quemdum
1132 3099 1245 3150 com-

95 3202 319 3264 memorant
339 3185 482 3265 Nostis
505 3183 736 3289 conjugium
762 3182 891 3290 primo
914 3181 1077 3290 petiisse,
1103 3182 1245 3263 deinde

97 3297 139 3374 in
163 3296 355 3376 ultionem
381 3296 499 3405 spreti
528 3295 715 3374 connubii
744 3292 978 3386 insecutum,
1008 3292 1108 3372 nihil
1138 3294 1245 3375 aliud

95 3435 217 3516 quam
246 3408 416 3488 Dierum
441 3427 481 3487 et
505 3407 702 3487 Nostium
733 3407 837 3484 vices
861 3403 1060 3484 ostendere
1091 3406 1242 3485 volunt.

96 3520 161 3599 Ad
182 3518 260 3600 hoc
279 3540 411 3599 autem
430 3519 527 3628 quid
548 3546 646 3626 opus
666 3535 748 3597 erat
767 3515 1019 3596 introduxisse
1041 3519 1245 3598 Phanetem

95 3633 239 3713 Nostis
258 3633 413 3742 nuptias
429 3631 684 3717 ambientem,
701 3656 795 3708 cum
811 3647 1000 3738 perpetua
1020 3629 1085 3708 illa
1106 3658 1244 3709 eorum

94 3743 275 3824 succeffio
291 3762 331 3822 et
349 3762 510 3822 mutuus
534 3741 641 3848 quafi
665 3739 855 3849 impulsus
881 3743 1015 3819 innato
1041 3759 1080 3819 et
1103 3760 1245 3820 aeterno

94 3856 186 3935 odio
206 3855 348 3934 melius
373 3853 681 3961 adfignificetur3
708 3854 858 3959 quippe
879 3852 1026 3931 constat
1045 3851 1185 3929 sudum
1205 3870 1245 3930 et

94 3966 271 4047 tenebras
299 3965 348 4045 ab
374 3966 457 4074 ipso
482 3993 613 4045 rerum
638 3963 834 4072 principio
857 3962 1055 4042 acerrimis
1082 3962 1184 4040 inter
1206 3960 1243 4041 se

93 4078 281 4158 dissedisse
301 4078 534 4157 inimicitiis.
595 4077 729 4181 Atque
749 4101 823 4181 ego
840 4073 926 4152 sane
941 4076 1097 4152 nouem
1112 4073 1243 4167 credo,

94 4187 244 4296 εὐφρόνης
254 4217 475 4297 cognomen
489 4188 582 4268 hinc
596 4187 721 4267 solum
733 4184 934 4294 accepisse,
944 4187 1051 4292 quod
1064 4186 1246 4266 Phanetis

93 4302 294 4381 connubio
313 4300 545 4411 permiscere
565 4301 603 4379 se
622 4318 735 4378 caute
759 4296 956 4389 recusarit,
983 4325 1054 4376 nec
1079 4324 1156 4375 non
1177 4324 1245 4376 co-

93 4414 239 4521 gitate3
269 4414 419 4492 etenim
439 4411 465 4490 s1
486 4412 600 4491 illum
621 4410 740 4489 semel
760 4411 799 4488 in
821 4409 905 4489 suos
929 4408 1133 4488 admisisset
1158 4406 1245 4486 tha-
