2956 4980
10 40 16 143 l

318 111 481 205 Literae
507 112 700 205 Senatus
725 107 993 239 Anglicani.
1152 149 1201 204 22
1208 149 1230 229 5

69 283 196 363 etiam
216 286 474 379 mandaverit,
502 305 546 365 ut
566 286 603 365 se
623 286 758 392 pacate
784 307 900 394 atque
922 286 1095 368 modeste
1115 314 1229 395 gere-

67 413 173 489 rent,
206 396 332 505 eaque
361 398 440 506 qua
466 399 579 478 decet
606 396 847 478 observantia
878 425 969 505 erga
1001 400 1230 508 Principem

69 507 372 589 Serenillimum
395 510 506 616 cujus
527 509 608 590 haec
629 510 804 620 Respub.
826 529 864 590 et
884 511 1105 590 conservare
1126 512 1229 589 ami·

65 620 210 700 citiam
229 622 434 730 tantopere
464 623 628 715 studeat,
659 643 699 702 et
725 624 839 701 tantis
861 622 1060 702 beneficiis
1088 622 1227 702 affecta

69 731 131 825 fit,
156 733 313 841 prorsus
338 736 587 843 inopinatum
614 733 685 812 fibi
711 735 874 842 quidem
902 735 1057 827 accidit,
1078 731 1228 842 quoda

69 844 288 925 Navarcho
306 848 514 954 Appletono
535 848 575 925 in
597 844 836 950 Liburnierfi
857 866 973 956 portu
997 844 1225 926 insolentiirs

69 953 221 1036 fastum
242 958 318 1037 effe
338 961 513 1069 accepit;
535 987 629 1038 eum
649 955 842 1038 nimirum
863 957 910 1037 ab
930 987 978 1040 eo
996 960 1109 1066 vigili
1125 960 1223 1038 dum

72 1069 112 1147 in
143 1070 460 1151 molestationem
491 1089 636 1178 ageret,
665 1072 748 1149 vim
777 1069 957 1163 attulisse,
988 1073 1107 1178 idque
1138 1091 1224 1151 tum

68 1200 206 1262 contra
231 1181 354 1261 fidem
378 1203 495 1291 atque
522 1183 755 1291 obsequium
777 1182 871 1262 huic
898 1183 1145 1291 Reipublicae
1174 1183 1224 1261 ab

69 1319 118 1372 eo
133 1293 329 1386 debitum,
348 1316 433 1394 tum
448 1314 582 1374 contra
598 1294 880 1374 observantiam
898 1313 1015 1401 atque
1030 1292 1223 1374 honorem

70 1406 140 1512 qui
160 1407 294 1484 vestrae
315 1407 551 1486 Celsrtudini
571 1407 637 1486 sual
653 1408 694 1485 in
713 1407 861 1485 ditione
874 1405 963 1511 jure
983 1407 1136 1515 optimo
1153 1406 1224 1485 de·
1295 1495 1298 1501 ,

68 1515 209 1597 betur:
240 1546 362 1627 quam
390 1547 475 1599 rem
508 1537 630 1599 totam
662 1518 772 1598 sicuti
801 1517 906 1624 gesta
928 1518 997 1610 est,
1024 1545 1074 1596 ex
1099 1518 1222 1598 literis

66 1629 201 1710 vestris
213 1653 255 1736 7.
278 1649 317 1709 et
333 1657 372 1734 9·
434 1629 652 1711 Decembris
665 1629 858 1710 Florentia?
877 1629 976 1709 datis
994 1630 1222 1709 Parlamen-

67 1759 156 1820 tum
178 1742 400 1835 intellexit;
423 1740 581 1822 uberiirs
597 1744 716 1823 etiam
736 1770 806 1851 per
826 1741 1143 1850 spectatiflimum
1161 1744 1221 1821 vi-

66 1880 159 1932 rum
176 1854 408 1934 Almericum
421 1855 647 1948 Salvettum,
662 1855 836 1934 vestrum
856 1852 923 1933 hic
945 1855 1220 1950 Refidentem;

64 1982 187 2073 atque
204 1966 338 2045 vestrae
358 1966 608 2046 Celsrtudinis
629 1965 821 2045 honorem
842 1967 912 2073 qui
937 1964 1010 2044 hac
1035 1967 1074 2043 in
1096 1994 1136 2045 re
1157 1968 1222 2074 agi

66 2077 240 2170 videtur,
274 2078 394 2186 usque
427 2077 526 2157 adeo
558 2078 627 2157 fibi
660 2079 983 2159 commendatum
1016 2075 1148 2171 habet,
1178 2097 1223 2160 ut

66 2189 255 2270 Concilio
271 2192 400 2271 Status
420 2191 459 2270 id
481 2192 631 2299 negotii
650 2190 814 2282 dederit,
836 2191 894 2268 uti
914 2189 1042 2268 literas
1064 2190 1221 2269 Navar-

63 2298 143 2381 cho
174 2303 380 2411 Appletono
414 2329 535 2410 quam
578 2303 755 2410 primum
797 2301 1014 2380 scribendas
1048 2321 1216 2395 curaret,

65 2413 212 2520 quibus
232 2417 264 2493 is
283 2415 451 2494 terrestri
470 2417 608 2495 itinere
628 2412 835 2494 confestim
857 2411 934 2492 huc
953 2412 1134 2493 advolare
1151 2412 1218 2519 ju-

65 2523 239 2620 beretur,
253 2525 398 2606 insoliti
411 2525 527 2632 hujus
543 2525 636 2605 faeti
651 2545 690 2605 et
710 2526 1007 2605 extraordinarii
1028 2528 1219 2606 rationem

66 2637 287 2717 redditurus
309 2639 494 2746 (quarum
520 2639 753 2746 exemplum
777 2639 980 2717 literarum
1005 2635 1066 2716 his
1091 2638 1219 2717 inclu-

67 2745 150 2826 sum
172 2747 249 2828 uni
268 2751 456 2857 mittitur)
477 2752 547 2858 qui
568 2750 636 2830 ubi
655 2750 856 2829 advenerit
870 2769 910 2829 et
930 2748 1022 2827 facti
1045 2750 1218 2857 postula-

66 2857 185 2952 bitur,
200 2862 247 2940 de
260 2891 307 2941 eo
320 2862 360 2940 id
374 2863 562 2941 statutum
575 2864 623 2941 iri
637 2862 885 2970 pollicemur,
901 2860 1008 2969 quod
1022 2859 1216 2939 testificari

65 2972 179 3078 poffit
198 2972 236 3052 se
255 2973 370 3052 vestri
384 2974 482 3080 juris
502 2975 755 3054 violationem
777 2971 881 3053 haud
902 2969 1032 3052 minirs
1053 2972 1215 3051 moleste

66 3081 181 3177 ferre,
204 3113 326 3193 quam
351 3086 378 3164 fi
404 3085 531 3194 ipsum
553 3086 618 3191 jus
642 3086 755 3165 suum
775 3085 998 3164 violaretur.
1058 3084 1215 3191 Qine-

66 3195 162 3274 tiam
180 3197 230 3275 de
250 3224 347 3277 nave
367 3198 471 3277 dieta
489 3200 664 3279 Phoenice
685 3198 853 3277 Liburni
872 3196 1098 3303 recuperata
1118 3224 1215 3276 con-

67 3305 270 3387 sultatione
283 3307 430 3402 habital,
443 3337 530 3417 quae
546 3338 604 3389 res
617 3308 639 3388 a
651 3309 891 3389 Celsrtudine
906 3308 1027 3387 vestra
1044 3336 1116 3386 nec
1133 3336 1211 3387 non

65 3417 112 3496 ab
133 3421 303 3500 Oratore
321 3421 389 3500 suo
406 3442 580 3501 narratur
599 3440 715 3531 atque
737 3439 911 3526 urgetur,
929 3438 1063 3499 contra
1083 3420 1213 3500 datam

64 3526 85 3608 al
101 3530 315 3611 Navarcho
330 3534 534 3641 Appletono
550 3532 670 3612 fidem
683 3533 808 3626 fuiffe,
822 3560 900 3640 qua
911 3532 1115 3611 obstrietus
1132 3552 1213 3612 erat

65 3669 112 3721 ne
146 3643 350 3725 Hellundos
382 3647 484 3725 intra
513 3645 765 3754 conspectum
796 3663 930 3753 portus
961 3663 1027 3722 aut
1056 3644 1212 3723 laternae

62 3754 291 3851 adoriretur,
302 3757 838 3867 vestramqueCelfitudinem
848 3757 893 3834 eal
906 3755 1049 3834 fiducia
1062 3757 1212 3850 nixam,

63 3865 260 3946 Hollandis
279 3868 355 3949 fide
375 3870 465 3950 data
479 3869 527 3948 de
543 3871 813 3949 incolumitate
826 3867 1052 3977 promisrffe,
1068 3868 1210 3948 debere

62 3979 228 4084 proinde
248 4009 386 4061 eorum
407 3981 657 4062 satisfactioni
678 3982 911 4090 prospicere,
928 3981 1071 4087 quibus
1087 3981 1212 4061 vestra

63 4089 131 4170 sub
157 4090 234 4171 fide
257 4092 450 4173 damnum
476 4094 612 4174 datum
638 4094 707 4187 est,
737 4094 1031 4173 Parlamentum
1057 4093 1105 4171 ab
1126 4096 1211 4172 Ex-

61 4203 246 4283 cellentia
263 4206 386 4286 vestra
406 4207 518 4316 petit,
544 4226 589 4286 ut
613 4206 689 4286 hoc
714 4206 783 4286 srbi
805 4205 1030 4314 persuasum
1054 4201 1209 4298 habeat,

60 4310 162 4409 hanc
181 4342 281 4416 rem,
294 4318 634 4427 quemadmodum
655 4320 732 4398 fine
753 4318 820 4398 suo
836 4317 996 4397 confilio
1011 4333 1079 4395 aut
1097 4344 1211 4396 man-

116 4454 139 4533 5
640 4459 685 4531 Q
