2956 4980
163 265 243 370 236
400 251 562 345 Literae
588 253 781 343 Senatus
805 239 1075 374 Anglicani.

157 430 287 509 nostra
311 430 506 538 portione,
534 455 614 535 quo
634 426 776 506 multas
800 452 916 505 naves

157 542 304 622 nostras
331 543 374 620 in
398 539 525 620 reditu
544 565 704 619 onerare
728 537 918 647 potuiffe-

158 681 261 747 mur,
278 681 359 761 quo
379 679 497 732 onere
516 679 611 732 curn
630 670 808 732 carerent
830 650 917 759 pas·

157 765 230 846 fim
257 793 328 874 per
351 762 471 844 Indice
490 764 620 843 littora
642 762 791 842 cariem
811 781 916 843 trax-

158 905 248 958 ere:
280 877 427 957 interea
443 874 521 955 sors
540 875 667 955 nostra
686 876 791 983 apud
810 872 920 954 Indos

161 1017 248 1097 quae
266 987 329 1067 vel
348 988 523 1097 pecuniae
541 987 605 1067 vel
623 984 819 1067 bonorum
839 1001 920 1065 erat
959 1039 961 1044 η

158 1099 352 1209 stipendio
376 1099 535 1179 nautico
565 1117 790 1179 commeatu
819 1096 918 1177 alio-

159 1239 238 1319 que
277 1229 464 1321 apparatu
509 1210 722 1290 imminuta
768 1227 808 1290 et
847 1235 918 1288 ex-

158 1322 295 1403 hausta
308 1322 377 1417 est,
387 1323 484 1402 adeo
496 1340 542 1402 ut
552 1323 741 1432 praedictae
752 1322 919 1426 Jatturae

158 1433 266 1515 haud
278 1435 441 1515 minoris
454 1434 632 1514 aestimari
645 1433 917 1542 queantvicies

159 1549 305 1627 centies
332 1564 372 1625 et
397 1565 537 1654 quater
562 1546 733 1627 millenis
764 1545 917 1653 Regiis,

159 1659 200 1738 id
220 1660 276 1739 est
295 1656 431 1738 nostrae
451 1676 619 1738 monetae
690 1718 700 1738 .
762 1717 772 1737 .
834 1716 844 1736 .
906 1716 916 1736 .
976 1658 1142 1740 600000
1201 1683 1226 1735 0

219 1795 258 1850 2.
291 1770 409 1848 Plura
436 1771 557 1849 etiam
588 1788 750 1878 propter
774 1769 917 1849 damna

161 1908 211 1960 ex
230 1880 364 1961 amiffa
383 1899 492 1989 parte
513 1881 641 1962 nostra
661 1880 792 1962 debita
814 1880 921 1961 fruc-

161 2011 276 2074 tuum
295 1993 338 2071 in
351 1991 488 2098 Infulis
507 1993 706 2087 Moluccti,
727 1991 864 2074 Banda
881 2010 922 2073 et

161 2103 367 2214 Amboyna‚
387 2132 438 2183 ex
457 2133 538 2214 quo
559 2124 738 2215 tempore
758 2132 829 2214 per
847 2132 920 2184 cae-

161 2218 254 2297 dem
283 2215 507 2297 nostrorum
539 2216 595 2298 ibi
637 2216 781 2297 factam
821 2215 921 2326 pulfi

162 2330 253 2410 inde
278 2328 413 2409 sumus
432 2329 480 2408 ad
504 2329 624 2438 usque
645 2328 744 2408 illud
764 2348 921 2438 tempus

162 2469 243 2549 quo
262 2442 311 2521 de
324 2441 477 2546 jactura
496 2440 570 2522 hac
585 2461 702 2550 atque
719 2440 922 2551 dispendio

162 2552 275 2632 nobis
298 2552 468 2646 satisfiat,
488 2554 595 2662 quod
620 2554 789 2663 spatium
816 2571 919 2633 tem-

162 2664 268 2774 poris
279 2663 328 2743 ab
341 2691 442 2743 anno
454 2667 574 2745 1622.
588 2665 637 2744 ad
653 2664 761 2746 hunc
772 2693 921 2745 annum

162 2775 389 2885 praesentem
422 2778 467 2855 16
473 2802 540 2884 50.
566 2806 638 2887 pro
666 2778 794 2858 reditu
818 2805 920 2857 anno

165 2913 316 2995 ²5000·
340 2887 548 2970 Librarum
571 2890 681 2969 annis
709 2889 776 2970 28.
803 2892 922 2970 Sum-

163 3028 273 3082 mam
292 3001 465 3081 conficit.
547 3061 914 3083 ......
976 3025 1144 3110 7οοοοο
1205 3027 1230 3079 0

223 3140 261 3219 3.
294 3113 601 3222 Reparationem
612 3111 769 3222 insuper
784 3111 921 3222 postu·
973 3201 975 3204 y

163 3224 289 3305 lamus
302 3225 448 3305 centies
465 3243 504 3304 et
524 3224 583 3303 bis
600 3224 811 3304 millenum
826 3251 924 3303 non-

162 3355 374 3443 gentorum
386 3337 673 3444 quinquaginta
684 3364 829 3446 novem
845 3339 923 3416 Re-

159 3447 305 3554 giorum
336 3450 508 3529 Surattae
534 3445 556 3528 ὲ
581 3448 734 3558 Populo
758 3448 927 3556 Mogulli
1057 3549 1060 3555 Ι

164 3559 276 3639 nobis
301 3558 535 3654 ablatorum,
556 3588 654 3668 quos
678 3561 808 3668 Belgae
827 3589 921 3640 eum

164 3672 204 3751 in
226 3672 393 3752 modum
413 3673 526 3752 tutati
547 3673 648 3767 sunt,
665 3690 710 3751 ut
729 3700 856 3780 neque
871 3702 921 3752 ex

165 3786 342 3894 pecuniis
356 3811 483 3891 neque
498 3812 548 3863 ex
564 3782 676 3863 bonis
689 3784 770 3890 ejus
786 3784 926 3893 populi

165 3924 251 4004 quae
265 3898 306 3975 in
320 3897 495 4006 ipsorum
507 3896 650 4004 Juncis
662 3894 726 3974 seu
740 3896 921 3977 Navibus

165 4027 275 4087 erant
302 4009 445 4088 damna
472 4008 599 4087 nostra
625 4008 804 4087 resarcire
835 4009 925 4118 pos-

166 4119 421 4228 semus,quod
432 4121 595 4228 quidem
606 4118 792 4228 perficere
803 4139 843 4200 et
854 4148 923 4202 co-

168 4233 248 4311 nati
264 4232 396 4312 sumus
411 4232 504 4311 etin
519 4260 639 4311 manu
660 4232 787 4311 nostra
806 4233 923 4312 fitum

166 4362 261 4438 erat,
278 4345 346 4423 nifi
362 4371 427 4423 eos
448 4344 577 4450 Belgae
597 4343 835 4452 iniquiffime
851 4345 920 4425 de·

165 4455 384 4551 fendiffent‚
405 4483 491 4563 quae
523 4457 689 4565 pecunia
717 4457 849 4538 amissa
876 4458 924 4537 ad
