2956 4980
159 291 179 370 3
187 287 240 370 54
364 245 597 377 Scriptum
624 248 769 340 Dom.
798 247 1093 344 Protectoris'.

157 441 288 502 terunt
306 421 354 501 ad
375 420 473 499 illud
491 420 611 528 usque
633 442 788 529 tempus
808 422 849 498 in
870 447 951 527 quo
970 418 1072 500 hanc
1093 448 1221 531 nuper
1240 451 1309 502 ex-

157 533 401 645 peditionem
421 551 554 612 contra
574 561 639 612 eos
658 531 909 641 suscepimus.

216 646 284 724 Ob
304 673 425 754 quam
445 645 615 737 causam,
630 663 766 724 contra
784 641 906 752 quam
926 641 1093 723 antehac
1114 644 1156 723 in
1178 643 1309 752 hujus-

157 758 267 837 modi
292 757 489 836 occasrone
514 756 597 835 fieri
621 756 834 849 consuevit,
868 756 1014 863 ubique
1039 753 1123 835 fers
1151 758 1309 839 ditionis

160 868 375 977 Hstanicae
399 895 513 947 naves
534 868 679 947 nostras
699 868 1036 975 negotiatoresque
1055 887 1198 949 omnes
1219 873 1309 950 reti·

159 1001 343 1074 nuerunt,
373 1007 590 1088 eorumque
620 979 722 1059 bona
751 979 1081 1088 proscripserunt;
1122 983 1224 1060 adeo
1253 1004 1307 1075 ut,

159 1095 234 1173 five
259 1094 308 1171 ad
332 1093 560 1185 Americam,
587 1093 663 1170 five
687 1092 736 1170 ad
762 1095 952 1201 Europam
981 1093 1117 1172 oculos
1144 1121 1308 1174 conver·

158 1224 300 1298 tamus,
316 1203 411 1283 belli
431 1201 613 1283 authores
633 1204 704 1313 ipfi
725 1204 794 1283 soli
815 1204 1065 1284 existimandi
1086 1205 1192 1298 sunt,
1206 1234 1308 1313 quae·

157 1345 234 1425 que
255 1345 305 1395 ex
325 1344 372 1395 οο
388 1317 509 1395 caedes
525 1335 640 1424 atque
658 1317 909 1397 incommoda
926 1317 1033 1425 sequi
1053 1335 1245 1426 poterunt
1263 1321 1307 1398 iis

158 1429 342 1510 omnibus
362 1427 516 1507 causam
537 1429 605 1537 ipsi
627 1427 840 1537 praebuiffe.

215 1541 412 1649 Exempla
435 1561 633 1649 perpetuae
656 1540 1003 1647 crudelissimaeque
1022 1538 1250 1623 hostilitatis
1269 1545 1307 1621 in

162 1652 397 1733 Occidentali
422 1651 547 1747 India,
569 1655 689 1731 etiam
716 1652 823 1761 pacis
851 1673 1029 1761 tempore
1054 1652 1102 1732 ab
1128 1655 1308 1765 Hispanis

159 1768 198 1844 in
224 1767 369 1872 Anglos
391 1765 509 1858 edita,
537 1785 576 1845 et
599 1764 646 1843 ab
674 1792 776 1843 anno
811 1765 933 1863 1604,
962 1792 1056 1844 cum
1082 1765 1132 1843 ab
1163 1766 1306 1874 Jacobs

158 1904 249 1983 rege
270 1895 541 1983 coagmentata
562 1905 639 1985 pax
660 1876 729 1970 est,
751 1875 988 1984 usquedum
1008 1876 1135 1957 rursus
1155 1878 1306 1959 bellum

34 2081 43 2091 ,
157 1990 302 2096 erupit,
325 2007 365 2066 et
384 1988 432 2066 ab
453 2016 497 2067 ea
517 2016 612 2096 0000
632 2017 718 2095 quae
738 2016 839 2067 anno
863 1989 982 2095 1630,
1002 1990 1188 2098 proxime
1208 1989 1306 2071 satta

21 4332 24 4337 .
150 4274 293 4360 chirurgo
314 4271 366 4355 qui
385 4269 423 4334 ad
440 4270 603 4334 sartandum
621 4293 684 4353 prae

158 2098 227 2192 est,
249 2102 296 2179 ad
316 2098 418 2179 hanc
438 2099 556 2206 usque
576 2101 683 2179 diem
704 2100 901 2210 permulta
915 2102 1003 2180 sunt
1016 2128 1167 2209 perque
1188 2103 1305 2183 inhu-

158 2240 274 2291 mana
294 2232 333 2291 et
352 2231 511 2290 cruenta
526 2209 564 2289 r*
585 2240 709 2321 pauca
729 2212 897 2293 attulisse
916 2212 1003 2293 satis
1022 2211 1272 2296 habebimus.

216 2324 307 2404 Post
327 2323 468 2403 fastam
489 2352 629 2433 pacem
648 2352 749 2404 anno
768 2326 843 2405 160
849 2349 889 2431 ς,
909 2325 1016 2404 navis
1033 2327 1174 2407 Maria
1189 2329 1303 2422 dista,

157 2436 347 2542 Ambrosto
378 2437 498 2516 Birch
527 2436 726 2543 magistro,
762 2437 809 2516 ad
839 2437 1182 2547 septentrionalem
1215 2441 1305 2546 Ηῇὶ

149 2549 312 2654 paniolae
330 2576 439 2627 oram
460 2550 500 2627 in
530 2547 764 2628 occidentali
784 2548 894 2628 India
918 2567 1156 2630 mercaturas
1185 2549 1302 2631 facie-

156 2659 244 2754 bat;
267 2660 464 2766 magister,
478 2687 571 2738 cum
585 2661 812 2740 asacerdote
828 2661 1001 2769 quodam
1017 2682 1126 2770 patre
1139 2664 1303 2772 Joanne,

157 2771 207 2850 110
227 2772 334 2849 enim
359 2772 648 2865 nominabatur,
673 2800 767 2851 curn
791 2771 857 2850 sex
883 2774 1008 2867 sociis,
1034 2776 1109 2853 tuti
1129 2795 1171 2855 et
1191 2776 1303 2857 liberi

154 2885 385 2963 commercii
402 2884 595 2992 promissss
607 2884 766 2963 allettus
780 2884 871 2963 esset
888 2906 931 2965 ut
949 2887 990 2965 in
1008 2907 1151 2966 terram
1165 2889 1303 2968 viden-

155 2996 294 3075 darum
325 2999 519 3076 mercium
548 2997 794 3103 quarundam
823 2999 934 3077 causa
964 3000 1230 3105 egrederetur,
1266 3021 1302 3080 01

198 3324 218 3364 *
242 3318 342 3383 Navis
353 3318 493 3403 quaedam
510 3317 609 3404 Ulyffis
619 3319 745 3382 nomine
761 3317 910 3405 insignita,
922 3343 995 3383 curn
1006 3344 1060 3404 per
1074 3344 1161 3386 oram
1173 3323 1302 3389 Guianae

155 3422 356 3470 mercaturam
372 3407 496 3482 faceret,
512 3420 543 3467 et
558 3422 742 3470 mercatores
757 3428 792 3470 ac
808 3423 909 3470 nautae
928 3407 1049 3471 addusti
1064 3407 1123 3473 side
1138 3432 1175 3474 ac
1187 3413 1303 3499 jureju-

155 3493 249 3556 rando
265 3489 371 3554 Berrei
385 3491 462 3554 illius
483 3491 542 3553 loci
563 3491 711 3572 praefetti,
733 3493 763 3554 in
782 3509 894 3555 terram
912 3492 1049 3572 exissent,
1070 3518 1180 3560 eorum
1200 3515 1301 3562 tamen

153 3578 276 3664 triginta
290 3577 369 3658 capti
384 3593 416 3639 et
429 3578 460 3639 in
476 3577 645 3640 custodiam
664 3578 763 3642 traditi
778 3580 862 3642 sunt:
886 3580 984 3643 scribit
1003 3582 1111 3645 deinde
1129 3583 1166 3646 ad
1188 3608 1303 3649 merca-

153 3683 253 3729 torem
268 3662 430 3745 praesestus
446 3663 473 3725 se
488 3661 610 3745 quidem
626 3664 747 3749 triginta
761 3688 799 3728 ex
814 3666 870 3729 suis
886 3668 985 3731 nautis
1000 3666 1120 3751 cepisse,
1136 3669 1207 3734 ideo
1221 3672 1301 3756 quod

153 3750 291 3816 nonnulli
306 3750 412 3829 exteri,
424 3748 475 3833 qui
492 3750 645 3812 mercandi
660 3752 745 3815 causa
760 3752 829 3816 illuc
844 3752 1033 3836 appulerant,
1049 3755 1078 3818 vi
1099 3756 1155 3820 inti
1170 3759 1301 3823 millibus

153 3839 269 3904 ducatis
284 3838 379 3921 ipsum
395 3837 624 3910 fraudaverant;
646 3859 723 3920 quos
738 3860 882 3903 nummos
897 3837 919 3902 11
941 3838 993 3903 fibi
1011 3779 1144 3922 11611601,
1166 3845 1303 3909 remissu-

152 3948 223 3991 rum
245 3927 272 3989 se
298 3926 325 3989 ei
343 3945 451 3988 omnes
469 3924 535 3986 suos
548 3923 672 4008 juravit,
690 3941 721 3987 et
740 3925 917 3989 commercii
937 3927 1118 4010 potestatem
1137 3928 1300 3997 facturum.

152 4011 312 4077 Mercator
328 4013 435 4094 partim
455 4011 627 4090 numerato,
650 4011 757 4094 partim
780 4013 929 4075 mercium
951 4013 1150 4079 aestimatione
1165 4035 1301 4101 optatam

152 4101 180 4164 ei
195 4100 344 4163 summam
359 4097 469 4162 mittit:
493 4120 584 4181 quam
599 4119 672 4159 cum
687 4098 850 4180 praesedius
866 4096 993 4163 Berreus
1009 4100 1180 4185 accepisset,
1200 4106 1301 4194 alliga·

150 4201 200 4253 tos
215 4186 252 4251 ad
266 4184 388 4248 arbores
406 4183 472 4248 illos
492 4183 631 4247 homines
652 4184 772 4333 triginta
789 4182 963 4271 strangulari
983 4188 1072 4268 'usfit,
1090 4209 1223 4274 excepto
1242 4193 1301 4256 solo

698 4271 758 4334 etti
776 4272 918 4336 morbum
939 4210 1100 4339 aslisrvatus
1118 4274 1173 4340 est.
1221 4279 1300 4343 Haec

150 4359 320 4444 redemptio
334 4357 397 4423 aliis
411 4378 484 4421 cum
498 4357 617 4423 damnis
632 4358 671 4420 ibi
686 4358 761 4422 datis
780 4358 892 4441 septem
913 4359 1044 4426 millibus
1061 4362 1206 4428 librarum
1221 4365 1299 4430 00111-

151 4462 233 4510 mata
246 4444 300 4510 est.
