<?xml version="1.0" encoding="UTF-8"?>
<!DOCTYPE html PUBLIC "-//W3C//DTD XHTML 1.0 Transitional//EN"
    "http://www.w3.org/TR/xhtml1/DTD/xhtml1-transitional.dtd">
<html xmlns="http://www.w3.org/1999/xhtml" xml:lang="en" lang="en">
 <head>
  <title>
</title>
<meta http-equiv="Content-Type" content="text/html;charset=utf-8" />
  <meta name='ocr-system' content='tesseract 3.04.00' />
  <meta name='ocr-capabilities' content='ocr_page ocr_carea ocr_par ocr_line ocrx_word'/>
</head>
<body>
  <div class='ocr_page' id='page_1' title='image "./worksjohnmilton06miltgoog_0092.png"; bbox 0 0 2956 4980; ppageno 0'>
   <div class='ocr_carea' id='block_1_1' title="bbox 105 251 1229 386">
    <p class='ocr_par' dir='ltr' id='par_1_1' title="bbox 105 251 1229 386">
     <span class='ocr_line' id='line_1_1' title="bbox 105 251 1229 386; baseline -0.002 -36"><span class='ocrx_word' id='word_1_1' title='bbox 105 254 223 386; x_wconf 86' lang='lat' dir='ltr'>Cap.</span> <span class='ocrx_word' id='word_1_2' title='bbox 246 293 315 375; x_wconf 85' lang='lat'>23·</span> <span class='ocrx_word' id='word_1_3' title='bbox 428 251 617 350; x_wconf 89' lang='lat' dir='ltr'>Plenior</span> <span class='ocrx_word' id='word_1_4' title='bbox 643 251 891 349; x_wconf 91' lang='lat' dir='ltr'>Institutio.</span> <span class='ocrx_word' id='word_1_5' title='bbox 1176 292 1229 375; x_wconf 92' lang='lat'>77</span> 
     </span>
    </p>
   </div>
   <div class='ocr_carea' id='block_1_2' title="bbox 56 431 1236 2561">
    <p class='ocr_par' dir='ltr' id='par_1_2' title="bbox 56 431 1236 2561">
     <span class='ocr_line' id='line_1_2' title="bbox 68 431 1230 541; baseline -0.003 -26"><span class='ocrx_word' id='word_1_6' title='bbox 68 435 204 529; x_wconf 86' lang='lat' dir='ltr'>restat,</span> <span class='ocrx_word' id='word_1_7' title='bbox 223 460 319 541; x_wconf 85' lang='lat' dir='ltr'>ergo</span> <span class='ocrx_word' id='word_1_8' title='bbox 338 435 485 529; x_wconf 87' lang='lat' dir='ltr'>nullus,</span> <span class='ocrx_word' id='word_1_9' title='bbox 498 438 573 515; x_wconf 71' lang='lat' dir='ltr'>tce.</span> <span class='ocrx_word' id='word_1_10' title='bbox 617 434 747 514; x_wconf 84' lang='lat' dir='ltr'><em>Cicero</em></span> <span class='ocrx_word' id='word_1_11' title='bbox 765 461 802 540; x_wconf 85' lang='lat'>3.</span> <span class='ocrx_word' id='word_1_12' title='bbox 824 435 872 513; x_wconf 90' lang='lat' dir='ltr'>de</span> <span class='ocrx_word' id='word_1_13' title='bbox 891 434 991 511; x_wconf 83' lang='lat' dir='ltr'><em>Nat.</em></span> <span class='ocrx_word' id='word_1_14' title='bbox 1013 433 1112 513; x_wconf 85' lang='lat' dir='ltr'>deor.</span> <span class='ocrx_word' id='word_1_15' title='bbox 1134 431 1230 514; x_wconf 78' lang='lat' dir='ltr'>cum</span> 
     </span>
     <span class='ocr_line' id='line_1_3' title="bbox 67 543 1232 654; baseline -0.004 -26"><span class='ocrx_word' id='word_1_16' title='bbox 67 548 120 627; x_wconf 90' lang='lat' dir='ltr'>de</span> <span class='ocrx_word' id='word_1_17' title='bbox 140 546 315 654; x_wconf 80' lang='lat' dir='ltr'>Dionyſso</span> <span class='ocrx_word' id='word_1_18' title='bbox 334 566 499 654; x_wconf 87' lang='lat' dir='ltr'>tyranno</span> <span class='ocrx_word' id='word_1_19' title='bbox 519 547 717 654; x_wconf 91' lang='lat' dir='ltr'>loquitur:</span> <span class='ocrx_word' id='word_1_20' title='bbox 750 546 847 654; x_wconf 87' lang='lat' dir='ltr'>Jam</span> <span class='ocrx_word' id='word_1_21' title='bbox 871 543 1008 650; x_wconf 59' lang='lat' dir='ltr'>mersas</span> <span class='ocrx_word' id='word_1_22' title='bbox 1033 566 1232 653; x_wconf 84' lang='lat' dir='ltr'>argenteas</span> 
     </span>
     <span class='ocr_line' id='line_1_4' title="bbox 67 656 1233 767; baseline -0.002 -28"><span class='ocrx_word' id='word_1_23' title='bbox 67 658 113 739; x_wconf 84' lang='lat' dir='ltr'>de</span> <span class='ocrx_word' id='word_1_24' title='bbox 131 658 296 739; x_wconf 86' lang='lat' dir='ltr'>omnibus</span> <span class='ocrx_word' id='word_1_25' title='bbox 313 657 476 739; x_wconf 84' lang='lat' dir='ltr'>delubris</span> <span class='ocrx_word' id='word_1_26' title='bbox 491 657 600 765; x_wconf 82' lang='lat' dir='ltr'>jufflt</span> <span class='ocrx_word' id='word_1_27' title='bbox 618 658 782 766; x_wconf 79' lang='lat' dir='ltr'>aufirri,</span> <span class='ocrx_word' id='word_1_28' title='bbox 802 660 840 739; x_wconf 89' lang='lat' dir='ltr'>in</span> <span class='ocrx_word' id='word_1_29' title='bbox 860 656 991 767; x_wconf 86' lang='lat' dir='ltr'><em>quibus</em></span> <span class='ocrx_word' id='word_1_30' title='bbox 1017 657 1114 767; x_wconf 75' lang='lat' dir='ltr'>quid</span> <span class='ocrx_word' id='word_1_31' title='bbox 1135 687 1233 737; x_wconf 85' lang='lat' dir='ltr'>more</span> 
     </span>
     <span class='ocr_line' id='line_1_5' title="bbox 68 769 1236 881; baseline -0.002 -31"><span class='ocrx_word' id='word_1_32' title='bbox 68 771 211 851; x_wconf 67' lang='lat' dir='ltr'>veteru</span> <span class='ocrx_word' id='word_1_33' title='bbox 234 772 397 851; x_wconf 83' lang='lat' dir='ltr'><em>Graeciae</em></span> <span class='ocrx_word' id='word_1_34' title='bbox 415 772 632 881; x_wconf 69' lang='lat' dir='ltr'><em>irfiriptum</em></span> <span class='ocrx_word' id='word_1_35' title='bbox 651 770 734 880; x_wconf 80' lang='lat' dir='ltr'>effet</span> <span class='ocrx_word' id='word_1_36' title='bbox 752 771 950 849; x_wconf 89' lang='lat' dir='ltr'>bonorum</span> <span class='ocrx_word' id='word_1_37' title='bbox 968 769 1150 863; x_wconf 87' lang='lat' dir='ltr'>deorum,</span> <span class='ocrx_word' id='word_1_38' title='bbox 1174 769 1236 849; x_wconf 88' lang='lat' dir='ltr'>uti</span> 
     </span>
     <span class='ocr_line' id='line_1_6' title="bbox 68 881 1231 990; baseline 0 -29"><span class='ocrx_word' id='word_1_39' title='bbox 68 912 195 962; x_wconf 83' lang='lat' dir='ltr'>eorum</span> <span class='ocrx_word' id='word_1_40' title='bbox 219 883 382 963; x_wconf 84' lang='lat' dir='ltr'>bonitate</span> <span class='ocrx_word' id='word_1_41' title='bbox 401 884 497 964; x_wconf 84' lang='lat' dir='ltr'><em>velle</em></span> <span class='ocrx_word' id='word_1_42' title='bbox 509 882 556 990; x_wconf 86' lang='lat' dir='ltr'>se</span> <span class='ocrx_word' id='word_1_43' title='bbox 578 882 723 963; x_wconf 85' lang='lat' dir='ltr'><em>dicebat</em></span> <span class='ocrx_word' id='word_1_44' title='bbox 737 914 750 959; x_wconf 95' lang='lat'>.·</span> <span class='ocrx_word' id='word_1_45' title='bbox 780 882 837 962; x_wconf 85' lang='lat' dir='ltr'><em>dii</em></span> <span class='ocrx_word' id='word_1_46' title='bbox 858 881 944 961; x_wconf 85' lang='lat' dir='ltr'>boni</span> <span class='ocrx_word' id='word_1_47' title='bbox 952 882 1049 987; x_wconf 85' lang='lat' dir='ltr'>sunt</span> <span class='ocrx_word' id='word_1_48' title='bbox 1063 915 1077 960; x_wconf 91' lang='lat'>.·</span> <span class='ocrx_word' id='word_1_49' title='bbox 1108 910 1231 962; x_wconf 86' lang='lat' dir='ltr'>eorum</span> 
     </span>
     <span class='ocr_line' id='line_1_7' title="bbox 69 993 1230 1104; baseline -0.002 -29"><span class='ocrx_word' id='word_1_50' title='bbox 69 996 194 1103; x_wconf 84' lang='lat' dir='ltr'><em>igitur</em></span> <span class='ocrx_word' id='word_1_51' title='bbox 211 994 375 1075; x_wconf 85' lang='lat' dir='ltr'>bonitate</span> <span class='ocrx_word' id='word_1_52' title='bbox 392 996 442 1104; x_wconf 74' lang='lat' dir='ltr'>est</span> <span class='ocrx_word' id='word_1_53' title='bbox 461 994 645 1076; x_wconf 85' lang='lat' dir='ltr'>utendum.</span> <span class='ocrx_word' id='word_1_54' title='bbox 693 995 775 1073; x_wconf 91' lang='lat' dir='ltr'>H1c</span> <span class='ocrx_word' id='word_1_55' title='bbox 795 1024 845 1073; x_wconf 86' lang='lat' dir='ltr'>ex</span> <span class='ocrx_word' id='word_1_56' title='bbox 866 993 1014 1074; x_wconf 75' lang='lat' dir='ltr'>effedtis</span> <span class='ocrx_word' id='word_1_57' title='bbox 1034 995 1082 1074; x_wconf 95' lang='lat' dir='ltr'>ad</span> <span class='ocrx_word' id='word_1_58' title='bbox 1102 994 1230 1073; x_wconf 88' lang='lat' dir='ltr'>causas</span> 
     </span>
     <span class='ocr_line' id='line_1_8' title="bbox 68 1105 1229 1245; baseline -0.002 -58"><span class='ocrx_word' id='word_1_59' title='bbox 68 1107 128 1187; x_wconf 85' lang='lat' dir='ltr'>est</span> <span class='ocrx_word' id='word_1_60' title='bbox 155 1106 426 1245; x_wconf 79' lang='lat' dir='ltr'>disputatum3</span> <span class='ocrx_word' id='word_1_61' title='bbox 461 1127 505 1188; x_wconf 95' lang='lat' dir='ltr'>ut</span> <span class='ocrx_word' id='word_1_62' title='bbox 531 1107 617 1187; x_wconf 90' lang='lat' dir='ltr'>vult</span> <span class='ocrx_word' id='word_1_63' title='bbox 648 1108 820 1186; x_wconf 78' lang='lat' dir='ltr'>Romus:</span> <span class='ocrx_word' id='word_1_64' title='bbox 851 1129 895 1186; x_wconf 93' lang='lat' dir='ltr'>ut</span> <span class='ocrx_word' id='word_1_65' title='bbox 930 1105 1031 1186; x_wconf 92' lang='lat' dir='ltr'><em>mihi</em></span> <span class='ocrx_word' id='word_1_66' title='bbox 1065 1108 1229 1217; x_wconf 91' lang='lat' dir='ltr'>quidem</span> 
     </span>
     <span class='ocr_line' id='line_1_9' title="bbox 68 1216 1230 1325; baseline -0.001 -26"><span class='ocrx_word' id='word_1_67' title='bbox 68 1217 262 1300; x_wconf 85' lang='lat' dir='ltr'>videtur</span> <span class='ocrx_word' id='word_1_68' title='bbox 247 1248 270 1299; x_wconf 91' lang='lat' dir='ltr'>a</span> <span class='ocrx_word' id='word_1_69' title='bbox 287 1220 408 1300; x_wconf 85' lang='lat' dir='ltr'>caulis</span> <span class='ocrx_word' id='word_1_70' title='bbox 435 1220 483 1298; x_wconf 91' lang='lat' dir='ltr'>ad</span> <span class='ocrx_word' id='word_1_71' title='bbox 510 1219 661 1299; x_wconf 59' lang='lat' dir='ltr'>affecta.</span> <span class='ocrx_word' id='word_1_72' title='bbox 723 1216 875 1299; x_wconf 76' lang='lat' dir='ltr'><em>Terent.</em></span> <span class='ocrx_word' id='word_1_73' title='bbox 904 1223 1021 1298; x_wconf 86' lang='lat' dir='ltr'><em>Homo</em></span> <span class='ocrx_word' id='word_1_74' title='bbox 1033 1220 1138 1325; x_wconf 70' lang='lat' dir='ltr'>stim,</span> <span class='ocrx_word' id='word_1_75' title='bbox 1159 1221 1230 1298; x_wconf 83' lang='lat' dir='ltr'>lm·</span> 
     </span>
     <span class='ocr_line' id='line_1_10' title="bbox 67 1330 1230 1460; baseline -0.001 -49"><span class='ocrx_word' id='word_1_76' title='bbox 67 1333 176 1412; x_wconf 84' lang='lat' dir='ltr'>mani</span> <span class='ocrx_word' id='word_1_77' title='bbox 188 1330 215 1412; x_wconf 80' lang='lat' dir='ltr'>d</span> <span class='ocrx_word' id='word_1_78' title='bbox 233 1362 289 1411; x_wconf 83' lang='lat' dir='ltr'>me</span> <span class='ocrx_word' id='word_1_79' title='bbox 307 1332 405 1412; x_wconf 79' lang='lat' dir='ltr'><em>nihil</em></span> <span class='ocrx_word' id='word_1_80' title='bbox 417 1332 576 1413; x_wconf 86' lang='lat' dir='ltr'>alienum</span> <span class='ocrx_word' id='word_1_81' title='bbox 588 1348 696 1460; x_wconf 86' lang='lat' dir='ltr'>puto.</span> <span class='ocrx_word' id='word_1_82' title='bbox 757 1334 821 1411; x_wconf 85' lang='lat' dir='ltr'>Ex</span> <span class='ocrx_word' id='word_1_83' title='bbox 836 1331 1006 1438; x_wconf 59' lang='lat' dir='ltr'>subjecto</span> <span class='ocrx_word' id='word_1_84' title='bbox 1023 1332 1078 1411; x_wconf 90' lang='lat' dir='ltr'>est</span> <span class='ocrx_word' id='word_1_85' title='bbox 1094 1333 1141 1411; x_wconf 89' lang='lat' dir='ltr'>ad</span> <span class='ocrx_word' id='word_1_86' title='bbox 1161 1332 1230 1410; x_wconf 94' lang='lat' dir='ltr'>ad-</span> 
     </span>
     <span class='ocr_line' id='line_1_11' title="bbox 62 1442 1228 1553; baseline -0.001 -30"><span class='ocrx_word' id='word_1_87' title='bbox 62 1444 267 1550; x_wconf 72' lang='lat' dir='ltr'>junstum.</span> <span class='ocrx_word' id='word_1_88' title='bbox 327 1447 375 1524; x_wconf 89' lang='lat' dir='ltr'>In</span> <span class='ocrx_word' id='word_1_89' title='bbox 397 1443 520 1551; x_wconf 88' lang='lat' dir='ltr'>Pison.</span> <span class='ocrx_word' id='word_1_90' title='bbox 582 1442 677 1523; x_wconf 88' lang='lat' dir='ltr'>Cum</span> <span class='ocrx_word' id='word_1_91' title='bbox 696 1443 779 1553; x_wconf 74' lang='lat' dir='ltr'>cffet</span> <span class='ocrx_word' id='word_1_92' title='bbox 797 1443 959 1523; x_wconf 87' lang='lat' dir='ltr'>omnisil</span> <span class='ocrx_word' id='word_1_93' title='bbox 956 1444 994 1522; x_wconf 84' lang='lat' dir='ltr'>la</span> <span class='ocrx_word' id='word_1_94' title='bbox 1012 1442 1122 1549; x_wconf 83' lang='lat' dir='ltr'>causa</span> <span class='ocrx_word' id='word_1_95' title='bbox 1142 1473 1228 1522; x_wconf 86' lang='lat' dir='ltr'>con-</span> 
     </span>
     <span class='ocr_line' id='line_1_12' title="bbox 56 1554 1230 1664; baseline -0.004 -27"><span class='ocrx_word' id='word_1_96' title='bbox 56 1556 210 1664; x_wconf 76' lang='lat' dir='ltr'>sttlaris</span> <span class='ocrx_word' id='word_1_97' title='bbox 229 1556 480 1664; x_wconf 85' lang='lat' dir='ltr'>etsenatoria,</span> <span class='ocrx_word' id='word_1_98' title='bbox 499 1557 639 1637; x_wconf 86' lang='lat' dir='ltr'>auxilio</span> <span class='ocrx_word' id='word_1_99' title='bbox 657 1555 749 1635; x_wconf 84' lang='lat' dir='ltr'><em>mili</em></span> <span class='ocrx_word' id='word_1_100' title='bbox 764 1556 1001 1664; x_wconf 84' lang='lat' dir='ltr'>opusfuerat</span> <span class='ocrx_word' id='word_1_101' title='bbox 1019 1575 1056 1635; x_wconf 87' lang='lat' dir='ltr'>et</span> <span class='ocrx_word' id='word_1_102' title='bbox 1075 1554 1230 1661; x_wconf 85' lang='lat' dir='ltr'>consulis</span> 
     </span>
     <span class='ocr_line' id='line_1_13' title="bbox 68 1668 1228 1776; baseline -0.003 -27"><span class='ocrx_word' id='word_1_103' title='bbox 68 1688 108 1749; x_wconf 86' lang='lat' dir='ltr'>et</span> <span class='ocrx_word' id='word_1_104' title='bbox 112 1669 286 1776; x_wconf 86' lang='lat' dir='ltr'>senatus.</span> <span class='ocrx_word' id='word_1_105' title='bbox 333 1671 397 1748; x_wconf 87' lang='lat' dir='ltr'>Ex</span> <span class='ocrx_word' id='word_1_106' title='bbox 418 1670 607 1776; x_wconf 75' lang='lat' dir='ltr'>adjundtis</span> <span class='ocrx_word' id='word_1_107' title='bbox 625 1668 746 1747; x_wconf 86' lang='lat' dir='ltr'>estad</span> <span class='ocrx_word' id='word_1_108' title='bbox 767 1668 997 1774; x_wconf 64' lang='lat' dir='ltr'>subjectum.</span> <span class='ocrx_word' id='word_1_109' title='bbox 1058 1668 1164 1746; x_wconf 84' lang='lat' dir='ltr'><em>Phil.</em></span> <span class='ocrx_word' id='word_1_110' title='bbox 1189 1693 1228 1747; x_wconf 86' lang='lat'>2.</span> 
     </span>
     <span class='ocr_line' id='line_1_14' title="bbox 71 1778 1228 1890; baseline -0.002 -29"><span class='ocrx_word' id='word_1_111' title='bbox 71 1784 163 1862; x_wconf 87' lang='lat' dir='ltr'>Non</span> <span class='ocrx_word' id='word_1_112' title='bbox 181 1780 353 1862; x_wconf 62' lang='lat' dir='ltr'>tradabo</span> <span class='ocrx_word' id='word_1_113' title='bbox 372 1800 417 1860; x_wconf 86' lang='lat' dir='ltr'>ut</span> <span class='ocrx_word' id='word_1_114' title='bbox 434 1778 624 1888; x_wconf 85' lang='lat' dir='ltr'>consulem,</span> <span class='ocrx_word' id='word_1_115' title='bbox 645 1810 689 1859; x_wconf 85' lang='lat' dir='ltr'>ne</span> <span class='ocrx_word' id='word_1_116' title='bbox 716 1780 776 1860; x_wconf 87' lang='lat' dir='ltr'>ille</span> <span class='ocrx_word' id='word_1_117' title='bbox 803 1779 943 1890; x_wconf 87' lang='lat' dir='ltr'><em>quidem</em></span> <span class='ocrx_word' id='word_1_118' title='bbox 965 1810 1020 1860; x_wconf 84' lang='lat' dir='ltr'>me</span> <span class='ocrx_word' id='word_1_119' title='bbox 1039 1797 1083 1859; x_wconf 86' lang='lat' dir='ltr'>ut</span> <span class='ocrx_word' id='word_1_120' title='bbox 1101 1779 1228 1884; x_wconf 74' lang='lat' dir='ltr'>cofit-</span> 
     </span>
     <span class='ocr_line' id='line_1_15' title="bbox 68 1892 1227 1986; baseline -0.003 -11"><span class='ocrx_word' id='word_1_121' title='bbox 68 1894 205 1975; x_wconf 86' lang='lat' dir='ltr'>larem.</span> <span class='ocrx_word' id='word_1_122' title='bbox 238 1896 302 1974; x_wconf 87' lang='lat' dir='ltr'>Ex</span> <span class='ocrx_word' id='word_1_123' title='bbox 318 1892 460 1973; x_wconf 70' lang='lat' dir='ltr'>effesto</span> <span class='ocrx_word' id='word_1_124' title='bbox 476 1894 531 1973; x_wconf 90' lang='lat' dir='ltr'>est</span> <span class='ocrx_word' id='word_1_125' title='bbox 546 1894 594 1973; x_wconf 95' lang='lat' dir='ltr'>ad</span> <span class='ocrx_word' id='word_1_126' title='bbox 609 1892 787 1972; x_wconf 88' lang='lat' dir='ltr'>causam:</span> <span class='ocrx_word' id='word_1_127' title='bbox 820 1921 912 1972; x_wconf 90' lang='lat' dir='ltr'>nam</span> <span class='ocrx_word' id='word_1_128' title='bbox 924 1892 998 1971; x_wconf 87' lang='lat' dir='ltr'>effe</span> <span class='ocrx_word' id='word_1_129' title='bbox 1011 1892 1227 1986; x_wconf 90' lang='lat' dir='ltr'>consulem,</span> 
     </span>
     <span class='ocr_line' id='line_1_16' title="bbox 67 2004 1230 2115; baseline -0.005 -28"><span class='ocrx_word' id='word_1_130' title='bbox 67 2004 184 2087; x_wconf 88' lang='lat' dir='ltr'>causa</span> <span class='ocrx_word' id='word_1_131' title='bbox 203 2006 261 2085; x_wconf 85' lang='lat' dir='ltr'>est</span> <span class='ocrx_word' id='word_1_132' title='bbox 279 2024 324 2085; x_wconf 94' lang='lat' dir='ltr'>ut</span> <span class='ocrx_word' id='word_1_133' title='bbox 342 2007 431 2115; x_wconf 86' lang='lat' dir='ltr'>quis</span> <span class='ocrx_word' id='word_1_134' title='bbox 447 2005 578 2115; x_wconf 90' lang='lat' dir='ltr'>postea</span> <span class='ocrx_word' id='word_1_135' title='bbox 592 2006 636 2085; x_wconf 88' lang='lat' dir='ltr'>fit</span> <span class='ocrx_word' id='word_1_136' title='bbox 650 2005 885 2084; x_wconf 87' lang='lat' dir='ltr'>consularis:</span> <span class='ocrx_word' id='word_1_137' title='bbox 908 2005 1011 2084; x_wconf 91' lang='lat' dir='ltr'>unde</span> <span class='ocrx_word' id='word_1_138' title='bbox 1032 2005 1081 2084; x_wconf 85' lang='lat' dir='ltr'>fic</span> <span class='ocrx_word' id='word_1_139' title='bbox 1098 2005 1230 2111; x_wconf 89' lang='lat' dir='ltr'>argui-</span> 
     </span>
     <span class='ocr_line' id='line_1_17' title="bbox 68 2116 1230 2226; baseline -0.003 -27"><span class='ocrx_word' id='word_1_140' title='bbox 68 2139 163 2199; x_wconf 88' lang='lat' dir='ltr'>tur:</span> <span class='ocrx_word' id='word_1_141' title='bbox 195 2146 276 2198; x_wconf 90' lang='lat' dir='ltr'>non</span> <span class='ocrx_word' id='word_1_142' title='bbox 296 2117 469 2226; x_wconf 90' lang='lat' dir='ltr'>agnoscit</span> <span class='ocrx_word' id='word_1_143' title='bbox 489 2119 521 2198; x_wconf 89' lang='lat' dir='ltr'><em>is</em></span> <span class='ocrx_word' id='word_1_144' title='bbox 542 2119 582 2197; x_wconf 94' lang='lat' dir='ltr'>in</span> <span class='ocrx_word' id='word_1_145' title='bbox 603 2145 668 2196; x_wconf 91' lang='lat' dir='ltr'>me</span> <span class='ocrx_word' id='word_1_146' title='bbox 696 2116 899 2211; x_wconf 71' lang='lat' dir='ltr'>effectum,</span> <span class='ocrx_word' id='word_1_147' title='bbox 921 2145 998 2196; x_wconf 94' lang='lat' dir='ltr'>non</span> <span class='ocrx_word' id='word_1_148' title='bbox 1019 2117 1230 2223; x_wconf 88' lang='lat' dir='ltr'>agnoscam</span> 
     </span>
     <span class='ocr_line' id='line_1_18' title="bbox 68 2228 1229 2339; baseline -0.003 -29"><span class='ocrx_word' id='word_1_149' title='bbox 68 2258 166 2339; x_wconf 86' lang='lat' dir='ltr'>ergo</span> <span class='ocrx_word' id='word_1_150' title='bbox 193 2232 234 2310; x_wconf 93' lang='lat' dir='ltr'>in</span> <span class='ocrx_word' id='word_1_151' title='bbox 262 2259 310 2310; x_wconf 91' lang='lat' dir='ltr'>eo</span> <span class='ocrx_word' id='word_1_152' title='bbox 334 2229 501 2310; x_wconf 87' lang='lat' dir='ltr'>causam.</span> <span class='ocrx_word' id='word_1_153' title='bbox 564 2230 797 2310; x_wconf 90' lang='lat' dir='ltr'>Notandum</span> <span class='ocrx_word' id='word_1_154' title='bbox 826 2231 881 2309; x_wconf 90' lang='lat' dir='ltr'>est</span> <span class='ocrx_word' id='word_1_155' title='bbox 908 2229 1096 2309; x_wconf 88' lang='lat' dir='ltr'>nonnulla</span> <span class='ocrx_word' id='word_1_156' title='bbox 1123 2228 1229 2308; x_wconf 91' lang='lat' dir='ltr'>sensu</span> 
     </span>
     <span class='ocr_line' id='line_1_19' title="bbox 70 2340 1228 2451; baseline -0.004 -28"><span class='ocrx_word' id='word_1_157' title='bbox 70 2344 278 2436; x_wconf 86' lang='lat' dir='ltr'>duntaxat,</span> <span class='ocrx_word' id='word_1_158' title='bbox 299 2370 378 2422; x_wconf 92' lang='lat' dir='ltr'>non</span> <span class='ocrx_word' id='word_1_159' title='bbox 398 2342 491 2422; x_wconf 92' lang='lat' dir='ltr'>sono</span> <span class='ocrx_word' id='word_1_160' title='bbox 520 2341 593 2421; x_wconf 87' lang='lat' dir='ltr'>effe</span> <span class='ocrx_word' id='word_1_161' title='bbox 621 2343 852 2451; x_wconf 88' lang='lat' dir='ltr'>conjugata:</span> <span class='ocrx_word' id='word_1_162' title='bbox 885 2360 942 2436; x_wconf 90' lang='lat' dir='ltr'>ut,</span> <span class='ocrx_word' id='word_1_163' title='bbox 956 2341 1122 2447; x_wconf 86' lang='lat' dir='ltr'>somnus,</span> <span class='ocrx_word' id='word_1_164' title='bbox 1142 2340 1228 2420; x_wconf 85' lang='lat' dir='ltr'>dor-</span> 
     </span>
     <span class='ocr_line' id='line_1_20' title="bbox 67 2455 535 2561; baseline -0.006 -26"><span class='ocrx_word' id='word_1_165' title='bbox 67 2455 183 2535; x_wconf 83' lang='lat' dir='ltr'><em>miens</em></span> <span class='ocrx_word' id='word_1_166' title='bbox 194 2486 211 2548; x_wconf 91' lang='lat'>,·</span> <span class='ocrx_word' id='word_1_167' title='bbox 240 2455 400 2548; x_wconf 88' lang='lat' dir='ltr'><em>morbus,</em></span> <span class='ocrx_word' id='word_1_168' title='bbox 420 2484 535 2561; x_wconf 85' lang='lat' dir='ltr'><em>aeger.</em></span> 
     </span>
    </p>
   </div>
   <div class='ocr_carea' id='block_1_3' title="bbox 330 2842 969 2923">
    <p class='ocr_par' dir='ltr' id='par_1_3' title="bbox 330 2842 969 2923">
     <span class='ocr_line' id='line_1_21' title="bbox 330 2842 969 2923; baseline -0.002 -3"><span class='ocrx_word' id='word_1_169' title='bbox 330 2844 456 2921; x_wconf 86' lang='lat' dir='ltr'>CAP.</span> <span class='ocrx_word' id='word_1_170' title='bbox 480 2843 638 2921; x_wconf 84' lang='lat' dir='ltr'><strong>XXIV.</strong></span> <span class='ocrx_word' id='word_1_171' title='bbox 671 2844 735 2922; x_wconf 90' lang='lat' dir='ltr'>De</span> <span class='ocrx_word' id='word_1_172' title='bbox 756 2842 969 2923; x_wconf 84' lang='lat' dir='ltr'>Notatione.</span> 
     </span>
    </p>
   </div>
   <div class='ocr_carea' id='block_1_4' title="bbox 67 3015 1231 4472">
    <p class='ocr_par' dir='ltr' id='par_1_4' title="bbox 67 3015 1231 4472">
     <span class='ocr_line' id='line_1_22' title="bbox 90 3015 1230 3125; baseline 0.001 -30"><span class='ocrx_word' id='word_1_173' title='bbox 90 3046 119 3060; x_wconf 83' lang='grc'><em>·</em></span> <span class='ocrx_word' id='word_1_174' title='bbox 151 3028 202 3118; x_wconf 62' lang='grc' dir='ltr'>’,ν’</span> <span class='ocrx_word' id='word_1_175' title='bbox 277 3016 406 3096; x_wconf 86' lang='lat' dir='ltr'><em>Otatio</em></span> <span class='ocrx_word' id='word_1_176' title='bbox 432 3015 481 3123; x_wconf 72' lang='lat' dir='ltr'>cst</span> <span class='ocrx_word' id='word_1_177' title='bbox 506 3015 656 3095; x_wconf 88' lang='lat' dir='ltr'>nominis</span> <span class='ocrx_word' id='word_1_178' title='bbox 683 3015 957 3125; x_wconf 81' lang='lat' dir='ltr'>interpretatio,</span> <span class='ocrx_word' id='word_1_179' title='bbox 978 3016 1004 3092; x_wconf 95' lang='lat' dir='ltr'><em>i.</em></span> <span class='ocrx_word' id='word_1_180' title='bbox 1022 3043 1058 3092; x_wconf 89' lang='lat' dir='ltr'>e.</span> <span class='ocrx_word' id='word_1_181' title='bbox 1081 3016 1230 3096; x_wconf 91' lang='lat' dir='ltr'>reddita</span> 
     </span>
     <span class='ocr_line' id='line_1_23' title="bbox 250 3127 1228 3237; baseline 0 -30"><span class='ocrx_word' id='word_1_182' title='bbox 250 3183 253 3199; x_wconf 82' lang='lat'><em>·</em></span> <span class='ocrx_word' id='word_1_183' title='bbox 303 3148 401 3208; x_wconf 82' lang='lat' dir='ltr'>rano</span> <span class='ocrx_word' id='word_1_184' title='bbox 420 3156 490 3208; x_wconf 88' lang='lat' dir='ltr'>cur</span> <span class='ocrx_word' id='word_1_185' title='bbox 505 3128 662 3237; x_wconf 89' lang='lat' dir='ltr'>quidvis</span> <span class='ocrx_word' id='word_1_186' title='bbox 682 3129 736 3208; x_wconf 92' lang='lat' dir='ltr'>ita</span> <span class='ocrx_word' id='word_1_187' title='bbox 756 3130 1002 3208; x_wconf 84' lang='lat' dir='ltr'>nominatum</span> <span class='ocrx_word' id='word_1_188' title='bbox 1023 3127 1081 3206; x_wconf 91' lang='lat' dir='ltr'>s1t.</span> <span class='ocrx_word' id='word_1_189' title='bbox 1143 3130 1228 3207; x_wconf 90' lang='lat' dir='ltr'>De-</span> 
     </span>
     <span class='ocr_line' id='line_1_24' title="bbox 88 3238 1225 3371; baseline 0.003 -53"><span class='ocrx_word' id='word_1_190' title='bbox 88 3241 139 3292; x_wconf 77' lang='lat'>⁴¹</span> <span class='ocrx_word' id='word_1_191' title='bbox 216 3238 264 3371; x_wconf 53' lang='grc' dir='ltr'>Ἶῑ</span> <span class='ocrx_word' id='word_1_192' title='bbox 303 3240 430 3319; x_wconf 91' lang='lat' dir='ltr'><em>finitio</em></span> <span class='ocrx_word' id='word_1_193' title='bbox 455 3260 588 3319; x_wconf 88' lang='lat' dir='ltr'>autem</span> <span class='ocrx_word' id='word_1_194' title='bbox 615 3239 696 3319; x_wconf 85' lang='lat' dir='ltr'>haec</span> <span class='ocrx_word' id='word_1_195' title='bbox 722 3241 777 3320; x_wconf 90' lang='lat' dir='ltr'>est</span> <span class='ocrx_word' id='word_1_196' title='bbox 797 3239 943 3332; x_wconf 63' lang='lat' dir='ltr'>Boethi,</span> <span class='ocrx_word' id='word_1_197' title='bbox 970 3240 997 3319; x_wconf 92' lang='lat' dir='ltr'>l.</span> <span class='ocrx_word' id='word_1_198' title='bbox 1026 3266 1061 3317; x_wconf 93' lang='lat'>1.</span> <span class='ocrx_word' id='word_1_199' title='bbox 1083 3241 1120 3319; x_wconf 89' lang='lat' dir='ltr'>in</span> <span class='ocrx_word' id='word_1_200' title='bbox 1143 3242 1225 3321; x_wconf 88' lang='lat' dir='ltr'><em>Cic.</em></span> 
     </span>
     <span class='ocr_line' id='line_1_25' title="bbox 122 3345 1229 3462; baseline 0.003 -31"><span class='ocrx_word' id='word_1_201' title='bbox 122 3345 183 3385; x_wconf 62' lang='lat'><em>¹</em></span> <span class='ocrx_word' id='word_1_202' title='bbox 226 3348 232 3359; x_wconf 51' lang='lat'><em>.</em></span> <span class='ocrx_word' id='word_1_203' title='bbox 305 3348 396 3462; x_wconf 78' lang='lat' dir='ltr'>Tap.</span> <span class='ocrx_word' id='word_1_204' title='bbox 446 3353 602 3432; x_wconf 85' lang='lat' dir='ltr'>Notatio</span> <span class='ocrx_word' id='word_1_205' title='bbox 627 3354 758 3461; x_wconf 91' lang='lat' dir='ltr'><em>inquit</em></span> <span class='ocrx_word' id='word_1_206' title='bbox 785 3353 866 3432; x_wconf 88' lang='lat' dir='ltr'><em>Cic.</em></span> <span class='ocrx_word' id='word_1_207' title='bbox 896 3352 934 3431; x_wconf 89' lang='lat' dir='ltr'><em>in</em></span> <span class='ocrx_word' id='word_1_208' title='bbox 961 3348 1051 3459; x_wconf 77' lang='lat' dir='ltr'>Tap.</span> <span class='ocrx_word' id='word_1_209' title='bbox 1083 3354 1229 3434; x_wconf 70' lang='lat' dir='ltr'><em>Graecis</em></span> 
     </span>
     <span class='ocr_line' id='line_1_26' title="bbox 72 3464 1228 3572; baseline 0 -26"><span class='ocrx_word' id='word_1_210' title='bbox 72 3464 317 3572; x_wconf 85' lang='lat' dir='ltr'>etymologia</span> <span class='ocrx_word' id='word_1_211' title='bbox 348 3464 543 3558; x_wconf 52' lang='lat' dir='ltr'><em>diciturs</em></span> <span class='ocrx_word' id='word_1_212' title='bbox 534 3494 560 3542; x_wconf 91' lang='lat'>1.</span> <span class='ocrx_word' id='word_1_213' title='bbox 583 3493 618 3543; x_wconf 89' lang='lat' dir='ltr'>e.</span> <span class='ocrx_word' id='word_1_214' title='bbox 651 3465 816 3545; x_wconf 90' lang='lat' dir='ltr'>verbum</span> <span class='ocrx_word' id='word_1_215' title='bbox 851 3492 901 3543; x_wconf 88' lang='lat' dir='ltr'>ex</span> <span class='ocrx_word' id='word_1_216' title='bbox 929 3464 1048 3543; x_wconf 90' lang='lat' dir='ltr'>verbo</span> <span class='ocrx_word' id='word_1_217' title='bbox 1075 3467 1228 3546; x_wconf 87' lang='lat' dir='ltr'>verolo-</span> 
     </span>
     <span class='ocr_line' id='line_1_27' title="bbox 71 3574 1230 3687; baseline 0.003 -32"><span class='ocrx_word' id='word_1_218' title='bbox 71 3578 240 3687; x_wconf 89' lang='lat' dir='ltr'>quium.</span> <span class='ocrx_word' id='word_1_219' title='bbox 271 3606 335 3656; x_wconf 87' lang='lat' dir='ltr'>nos</span> <span class='ocrx_word' id='word_1_220' title='bbox 358 3595 481 3657; x_wconf 84' lang='lat' dir='ltr'>autem</span> <span class='ocrx_word' id='word_1_221' title='bbox 501 3574 703 3657; x_wconf 81' lang='lat' dir='ltr'><em>riovitatem</em></span> <span class='ocrx_word' id='word_1_222' title='bbox 722 3576 833 3656; x_wconf 90' lang='lat' dir='ltr'><em>verbi</em></span> <span class='ocrx_word' id='word_1_223' title='bbox 853 3606 921 3655; x_wconf 89' lang='lat' dir='ltr'>non</span> <span class='ocrx_word' id='word_1_224' title='bbox 933 3576 1037 3681; x_wconf 78' lang='lat' dir='ltr'><em>statis</em></span> <span class='ocrx_word' id='word_1_225' title='bbox 1055 3595 1137 3685; x_wconf 76' lang='lat' dir='ltr'><em>apti</em></span> <span class='ocrx_word' id='word_1_226' title='bbox 1134 3579 1230 3685; x_wconf 81' lang='lat' dir='ltr'>fu-</span> 
     </span>
     <span class='ocr_line' id='line_1_28' title="bbox 67 3689 1231 3799; baseline 0.004 -31"><span class='ocrx_word' id='word_1_227' title='bbox 67 3690 227 3796; x_wconf 62' lang='lat' dir='ltr'>glenus,</span> <span class='ocrx_word' id='word_1_228' title='bbox 253 3718 371 3795; x_wconf 86' lang='lat' dir='ltr'>genus</span> <span class='ocrx_word' id='word_1_229' title='bbox 398 3690 463 3768; x_wconf 83' lang='lat' dir='ltr'>loc</span> <span class='ocrx_word' id='word_1_230' title='bbox 490 3691 734 3770; x_wconf 89' lang='lat' dir='ltr'>notationem</span> <span class='ocrx_word' id='word_1_231' title='bbox 762 3691 1001 3799; x_wconf 83' lang='lat' dir='ltr'>appellamus,</span> <span class='ocrx_word' id='word_1_232' title='bbox 1028 3691 1115 3798; x_wconf 85' lang='lat' dir='ltr'>quia</span> <span class='ocrx_word' id='word_1_233' title='bbox 1132 3689 1231 3796; x_wconf 84' lang='lat' dir='ltr'>sunt</span> 
     </span>
     <span class='ocr_line' id='line_1_29' title="bbox 70 3800 1230 3912; baseline 0.003 -30"><span class='ocrx_word' id='word_1_234' title='bbox 70 3800 193 3882; x_wconf 84' lang='lat' dir='ltr'><em>verba</em></span> <span class='ocrx_word' id='word_1_235' title='bbox 227 3830 353 3880; x_wconf 86' lang='lat' dir='ltr'>rerum</span> <span class='ocrx_word' id='word_1_236' title='bbox 384 3818 494 3882; x_wconf 73' lang='grc' dir='ltr'><em>ποίεε.</em></span> <span class='ocrx_word' id='word_1_237' title='bbox 555 3802 653 3882; x_wconf 86' lang='lat' dir='ltr'>Haec</span> <span class='ocrx_word' id='word_1_238' title='bbox 684 3802 764 3881; x_wconf 86' lang='lat' dir='ltr'><em>ille.</em></span> <span class='ocrx_word' id='word_1_239' title='bbox 825 3802 946 3880; x_wconf 82' lang='lat' dir='ltr'><strong>Ex&#39;&#39;</strong></span> <span class='ocrx_word' id='word_1_240' title='bbox 921 3830 967 3881; x_wconf 93' lang='lat' dir='ltr'>ns</span> <span class='ocrx_word' id='word_1_241' title='bbox 1000 3802 1121 3910; x_wconf 86' lang='lat' dir='ltr'><em>igitur</em></span> <span class='ocrx_word' id='word_1_242' title='bbox 1144 3833 1230 3912; x_wconf 84' lang='lat' dir='ltr'>quae</span> 
     </span>
     <span class='ocr_line' id='line_1_30' title="bbox 73 3910 1229 4024; baseline 0.004 -32"><span class='ocrx_word' id='word_1_243' title='bbox 73 3910 292 4023; x_wconf 60' lang='lat' dir='ltr'>supradicta</span> <span class='ocrx_word' id='word_1_244' title='bbox 318 3913 421 4007; x_wconf 87' lang='lat' dir='ltr'>sunt,</span> <span class='ocrx_word' id='word_1_245' title='bbox 446 3913 615 4022; x_wconf 87' lang='lat' dir='ltr'>intelligi</span> <span class='ocrx_word' id='word_1_246' title='bbox 641 3914 781 4024; x_wconf 90' lang='lat' dir='ltr'>potest,</span> <span class='ocrx_word' id='word_1_247' title='bbox 803 3914 1044 3993; x_wconf 85' lang='lat' dir='ltr'>notationem</span> <span class='ocrx_word' id='word_1_248' title='bbox 1070 3914 1143 3995; x_wconf 87' lang='lat' dir='ltr'>effe</span> <span class='ocrx_word' id='word_1_249' title='bbox 1167 3946 1229 3996; x_wconf 86' lang='lat' dir='ltr'>ar-</span> 
     </span>
     <span class='ocr_line' id='line_1_31' title="bbox 72 4023 1226 4136; baseline 0.003 -31"><span class='ocrx_word' id='word_1_250' title='bbox 72 4044 313 4134; x_wconf 88' lang='lat' dir='ltr'>gumentum</span> <span class='ocrx_word' id='word_1_251' title='bbox 329 4044 461 4105; x_wconf 91' lang='lat' dir='ltr'>ortum</span> <span class='ocrx_word' id='word_1_252' title='bbox 478 4023 653 4133; x_wconf 75' lang='lat' dir='ltr'>adeoque</span> <span class='ocrx_word' id='word_1_253' title='bbox 670 4026 891 4134; x_wconf 90' lang='lat' dir='ltr'>symbolum</span> <span class='ocrx_word' id='word_1_254' title='bbox 907 4027 1070 4133; x_wconf 88' lang='lat' dir='ltr'>alicujus</span> <span class='ocrx_word' id='word_1_255' title='bbox 1087 4030 1226 4136; x_wconf 88' lang='lat' dir='ltr'><em>primi;</em></span> 
     </span>
     <span class='ocr_line' id='line_1_32' title="bbox 73 4138 1229 4250; baseline 0.003 -32"><span class='ocrx_word' id='word_1_256' title='bbox 73 4138 148 4218; x_wconf 78' lang='lat' dir='ltr'>else</span> <span class='ocrx_word' id='word_1_257' title='bbox 168 4138 419 4231; x_wconf 90' lang='lat' dir='ltr'>nominale‚</span> <span class='ocrx_word' id='word_1_258' title='bbox 409 4167 436 4215; x_wconf 91' lang='lat'>1.</span> <span class='ocrx_word' id='word_1_259' title='bbox 459 4167 494 4219; x_wconf 91' lang='lat' dir='ltr'>e.</span> <span class='ocrx_word' id='word_1_260' title='bbox 527 4159 569 4217; x_wconf 94' lang='lat' dir='ltr'>ut</span> <span class='ocrx_word' id='word_1_261' title='bbox 589 4140 718 4220; x_wconf 87' lang='lat' dir='ltr'><em>Cicero</em></span> <span class='ocrx_word' id='word_1_262' title='bbox 738 4139 927 4247; x_wconf 90' lang='lat' dir='ltr'>loquitur,</span> <span class='ocrx_word' id='word_1_263' title='bbox 949 4161 1229 4250; x_wconf 87' lang='lat' dir='ltr'>argumentum</span> 
     </span>
     <span class='ocr_line' id='line_1_33' title="bbox 70 4249 585 4331; baseline 0 -2"><span class='ocrx_word' id='word_1_264' title='bbox 70 4279 124 4331; x_wconf 86' lang='lat' dir='ltr'>ex</span> <span class='ocrx_word' id='word_1_265' title='bbox 143 4251 185 4328; x_wconf 92' lang='lat' dir='ltr'><em>vi</em></span> <span class='ocrx_word' id='word_1_266' title='bbox 203 4251 374 4329; x_wconf 90' lang='lat' dir='ltr'>nominis</span> <span class='ocrx_word' id='word_1_267' title='bbox 394 4249 585 4330; x_wconf 90' lang='lat' dir='ltr'><em>elicitum.</em></span> 
     </span>
     <span class='ocr_line' id='line_1_34' title="bbox 123 4362 1229 4472; baseline 0.001 -31"><span class='ocrx_word' id='word_1_268' title='bbox 123 4362 269 4472; x_wconf 71' lang='lat' dir='ltr'><em>Qippe</em></span> <span class='ocrx_word' id='word_1_269' title='bbox 287 4392 431 4443; x_wconf 75' lang='lat' dir='ltr'>nomina</span> <span class='ocrx_word' id='word_1_270' title='bbox 436 4363 535 4469; x_wconf 72' lang='lat' dir='ltr'>strnt</span> <span class='ocrx_word' id='word_1_271' title='bbox 553 4381 649 4444; x_wconf 84' lang='lat' dir='ltr'>notae</span> <span class='ocrx_word' id='word_1_272' title='bbox 668 4394 794 4445; x_wconf 87' lang='lat' dir='ltr'>rerum</span> <span class='ocrx_word' id='word_1_273' title='bbox 813 4383 848 4444; x_wconf 86' lang='lat' dir='ltr'>et</span> <span class='ocrx_word' id='word_1_274' title='bbox 869 4362 1058 4469; x_wconf 81' lang='lat' dir='ltr'>cujussibet</span> <span class='ocrx_word' id='word_1_275' title='bbox 1078 4364 1229 4444; x_wconf 83' lang='lat' dir='ltr'>nominis</span> 
     </span>
    </p>
   </div>
   <div class='ocr_carea' id='block_1_5' title="bbox 0 0 1482 4980">
    <p class='ocr_par' dir='ltr' id='par_1_5' title="bbox 0 0 1482 4980">
     <span class='ocr_line' id='line_1_35' title="bbox 0 0 1482 4980; baseline 0 0"><span class='ocrx_word' id='word_1_276' title='bbox 0 0 1482 4980; x_wconf 95' lang='lat' dir='ltr'> </span> 
     </span>
    </p>
   </div>
  </div>
 </body>
</html>
