<?xml version="1.0" encoding="UTF-8"?>
<!DOCTYPE html PUBLIC "-//W3C//DTD XHTML 1.0 Transitional//EN"
    "http://www.w3.org/TR/xhtml1/DTD/xhtml1-transitional.dtd">
<html xmlns="http://www.w3.org/1999/xhtml" xml:lang="en" lang="en">
 <head>
  <title>
</title>
<meta http-equiv="Content-Type" content="text/html;charset=utf-8" />
  <meta name='ocr-system' content='tesseract 3.04.00' />
  <meta name='ocr-capabilities' content='ocr_page ocr_carea ocr_par ocr_line ocrx_word'/>
</head>
<body>
  <div class='ocr_page' id='page_1' title='image "./worksjohnmilton06miltgoog_0213.png"; bbox 0 0 2956 4980; ppageno 0'>
   <div class='ocr_carea' id='block_1_1' title="bbox 162 181 1065 317">
    <p class='ocr_par' dir='ltr' id='par_1_1' title="bbox 162 181 1065 317">
     <span class='ocr_line' id='line_1_1' title="bbox 162 181 1065 317; baseline -0.007 -31"><span class='ocrx_word' id='word_1_1' title='bbox 162 207 236 307; x_wconf 87' lang='lat'>198</span> <span class='ocrx_word' id='word_1_2' title='bbox 389 190 552 288; x_wconf 83' lang='lat' dir='ltr'>Literae</span> <span class='ocrx_word' id='word_1_3' title='bbox 577 193 769 285; x_wconf 87' lang='lat' dir='ltr'>Senatus</span> <span class='ocrx_word' id='word_1_4' title='bbox 795 181 1065 317; x_wconf 85' lang='lat' dir='ltr'>Anglicani.</span> 
     </span>
    </p>
   </div>
   <div class='ocr_carea' id='block_1_2' title="bbox 151 356 1357 1706">
    <p class='ocr_par' dir='ltr' id='par_1_2' title="bbox 151 356 1357 1706">
     <span class='ocr_line' id='line_1_2' title="bbox 156 356 1314 496; baseline -0.009 -51"><span class='ocrx_word' id='word_1_5' title='bbox 156 392 251 472; x_wconf 89' lang='lat' dir='ltr'>erga</span> <span class='ocrx_word' id='word_1_6' title='bbox 279 391 349 443; x_wconf 90' lang='lat' dir='ltr'>nos</span> <span class='ocrx_word' id='word_1_7' title='bbox 374 361 573 446; x_wconf 89' lang='lat' dir='ltr'>voluntate</span> <span class='ocrx_word' id='word_1_8' title='bbox 602 379 720 483; x_wconf 91' lang='lat' dir='ltr'>atque</span> <span class='ocrx_word' id='word_1_9' title='bbox 749 361 883 441; x_wconf 90' lang='lat' dir='ltr'>animo</span> <span class='ocrx_word' id='word_1_10' title='bbox 911 360 1156 496; x_wconf 87' lang='lat' dir='ltr'>perseverare</span> <span class='ocrx_word' id='word_1_11' title='bbox 1183 356 1314 439; x_wconf 86' lang='lat' dir='ltr'>velitis</span> 
     </span>
     <span class='ocr_line' id='line_1_3' title="bbox 157 468 1311 585; baseline -0.009 -26"><span class='ocrx_word' id='word_1_12' title='bbox 157 474 397 585; x_wconf 73' lang='lat' dir='ltr'>magnopere</span> <span class='ocrx_word' id='word_1_13' title='bbox 417 473 644 557; x_wconf 84' lang='lat' dir='ltr'>hortamur</span> <span class='ocrx_word' id='word_1_14' title='bbox 694 473 820 582; x_wconf 88' lang='lat' dir='ltr'>quue</span> <span class='ocrx_word' id='word_1_15' title='bbox 835 471 883 553; x_wconf 82' lang='lat' dir='ltr'>ed</span> <span class='ocrx_word' id='word_1_16' title='bbox 896 468 1189 565; x_wconf 86' lang='lat' dir='ltr'>vehementius,</span> <span class='ocrx_word' id='word_1_17' title='bbox 1205 468 1311 581; x_wconf 77' lang='lat' dir='ltr'>quod</span> 
     </span>
     <span class='ocr_line' id='line_1_4' title="bbox 158 584 1308 720; baseline -0.004 -52"><span class='ocrx_word' id='word_1_18' title='bbox 158 591 354 720; x_wconf 89' lang='lat' dir='ltr'>perlatum</span> <span class='ocrx_word' id='word_1_19' title='bbox 373 586 420 667; x_wconf 88' lang='lat' dir='ltr'>ad</span> <span class='ocrx_word' id='word_1_20' title='bbox 441 614 510 668; x_wconf 95' lang='lat' dir='ltr'>nos</span> <span class='ocrx_word' id='word_1_21' title='bbox 530 587 600 680; x_wconf 88' lang='lat' dir='ltr'>est,</span> <span class='ocrx_word' id='word_1_22' title='bbox 631 586 765 667; x_wconf 86' lang='lat' dir='ltr'>exules</span> <span class='ocrx_word' id='word_1_23' title='bbox 790 586 877 666; x_wconf 90' lang='lat' dir='ltr'>illos</span> <span class='ocrx_word' id='word_1_24' title='bbox 900 585 1064 679; x_wconf 86' lang='lat' dir='ltr'>nostros,</span> <span class='ocrx_word' id='word_1_25' title='bbox 1094 584 1144 664; x_wconf 91' lang='lat' dir='ltr'>de</span> <span class='ocrx_word' id='word_1_26' title='bbox 1167 585 1308 713; x_wconf 78' lang='lat' dir='ltr'>quibus</span> 
     </span>
     <span class='ocr_line' id='line_1_5' title="bbox 151 694 1302 810; baseline -0.006 -29"><span class='ocrx_word' id='word_1_27' title='bbox 151 702 238 810; x_wconf 90' lang='lat' dir='ltr'>jam</span> <span class='ocrx_word' id='word_1_28' title='bbox 257 702 352 810; x_wconf 86' lang='lat' dir='ltr'>saepe</span> <span class='ocrx_word' id='word_1_29' title='bbox 380 699 614 808; x_wconf 75' lang='lat' dir='ltr'>scripsimus,</span> <span class='ocrx_word' id='word_1_30' title='bbox 643 697 782 778; x_wconf 88' lang='lat' dir='ltr'>efferre</span> <span class='ocrx_word' id='word_1_31' title='bbox 806 697 843 779; x_wconf 86' lang='lat' dir='ltr'>se</span> <span class='ocrx_word' id='word_1_32' title='bbox 867 698 981 778; x_wconf 90' lang='lat' dir='ltr'>solito</span> <span class='ocrx_word' id='word_1_33' title='bbox 1010 694 1280 777; x_wconf 87' lang='lat' dir='ltr'>insolentius</span> <span class='ocrx_word' id='word_1_34' title='bbox 1266 721 1302 774; x_wconf 91' lang='grc' dir='ltr'>ιιι</span> 
     </span>
     <span class='ocr_line' id='line_1_6' title="bbox 159 807 1297 910; baseline -0.006 -17"><span class='ocrx_word' id='word_1_35' title='bbox 159 813 255 893; x_wconf 92' lang='lat' dir='ltr'>urbe</span> <span class='ocrx_word' id='word_1_36' title='bbox 284 812 421 910; x_wconf 68' lang='lat' dir='ltr'>vestra,</span> <span class='ocrx_word' id='word_1_37' title='bbox 453 839 525 892; x_wconf 93' lang='lat' dir='ltr'>nec</span> <span class='ocrx_word' id='word_1_38' title='bbox 553 811 810 891; x_wconf 80' lang='lat' dir='ltr'>contumelias</span> <span class='ocrx_word' id='word_1_39' title='bbox 838 807 981 904; x_wconf 89' lang='lat' dir='ltr'>solum,</span> <span class='ocrx_word' id='word_1_40' title='bbox 1020 809 1085 889; x_wconf 90' lang='lat' dir='ltr'>sed</span> <span class='ocrx_word' id='word_1_41' title='bbox 1114 826 1154 890; x_wconf 90' lang='lat' dir='ltr'>et</span> <span class='ocrx_word' id='word_1_42' title='bbox 1184 810 1297 888; x_wconf 90' lang='lat' dir='ltr'>minas</span> 
     </span>
     <span class='ocr_line' id='line_1_7' title="bbox 158 919 1292 1035; baseline -0.004 -30"><span class='ocrx_word' id='word_1_43' title='bbox 158 925 344 1035; x_wconf 86' lang='lat' dir='ltr'>quasdam</span> <span class='ocrx_word' id='word_1_44' title='bbox 374 923 664 1002; x_wconf 85' lang='lat' dir='ltr'>atrociffimas</span> <span class='ocrx_word' id='word_1_45' title='bbox 654 951 695 1001; x_wconf 92' lang='lat' dir='ltr'>m</span> <span class='ocrx_word' id='word_1_46' title='bbox 726 925 938 1002; x_wconf 87' lang='lat' dir='ltr'>Oratorem</span> <span class='ocrx_word' id='word_1_47' title='bbox 966 920 1144 1000; x_wconf 88' lang='lat' dir='ltr'>nostrum</span> <span class='ocrx_word' id='word_1_48' title='bbox 1180 919 1292 1031; x_wconf 80' lang='lat' dir='ltr'>palim</span> 
     </span>
     <span class='ocr_line' id='line_1_8' title="bbox 158 1030 1288 1147; baseline -0.006 -30"><span class='ocrx_word' id='word_1_49' title='bbox 158 1037 362 1147; x_wconf 89' lang='lat' dir='ltr'>projicere.</span> <span class='ocrx_word' id='word_1_50' title='bbox 423 1030 586 1138; x_wconf 87' lang='lat' dir='ltr'>Hujus</span> <span class='ocrx_word' id='word_1_51' title='bbox 575 1053 707 1142; x_wconf 75' lang='lat' dir='ltr'>itaque</span> <span class='ocrx_word' id='word_1_52' title='bbox 728 1033 892 1114; x_wconf 87' lang='lat' dir='ltr'>salutem</span> <span class='ocrx_word' id='word_1_53' title='bbox 911 1052 1029 1141; x_wconf 87' lang='lat' dir='ltr'>atque</span> <span class='ocrx_word' id='word_1_54' title='bbox 1050 1034 1172 1113; x_wconf 86' lang='lat' dir='ltr'>etiam</span> <span class='ocrx_word' id='word_1_55' title='bbox 1197 1032 1288 1112; x_wconf 91' lang='lat' dir='ltr'>debi-</span> 
     </span>
     <span class='ocr_line' id='line_1_9' title="bbox 160 1143 1357 1240; baseline -0.004 -12"><span class='ocrx_word' id='word_1_56' title='bbox 160 1170 247 1229; x_wconf 89' lang='lat' dir='ltr'>tum</span> <span class='ocrx_word' id='word_1_57' title='bbox 267 1148 460 1228; x_wconf 90' lang='lat' dir='ltr'>honorem</span> <span class='ocrx_word' id='word_1_58' title='bbox 477 1143 582 1226; x_wconf 87' lang='lat' dir='ltr'>hisce</span> <span class='ocrx_word' id='word_1_59' title='bbox 599 1174 728 1226; x_wconf 87' lang='lat' dir='ltr'>rursus</span> <span class='ocrx_word' id='word_1_60' title='bbox 745 1146 866 1227; x_wconf 88' lang='lat' dir='ltr'>literis</span> <span class='ocrx_word' id='word_1_61' title='bbox 880 1144 1286 1225; x_wconf 76' lang='lat' dir='ltr'>commendatissimum</span> <span class='ocrx_word' id='word_1_62' title='bbox 1355 1200 1357 1240; x_wconf 53' lang='lat' dir='ltr'>J</span> 
     </span>
     <span class='ocr_line' id='line_1_10' title="bbox 160 1255 1357 1394; baseline -0.004 -54"><span class='ocrx_word' id='word_1_63' title='bbox 160 1260 270 1342; x_wconf 87' lang='lat' dir='ltr'>vobis</span> <span class='ocrx_word' id='word_1_64' title='bbox 290 1259 364 1339; x_wconf 80' lang='lat' dir='ltr'>elie</span> <span class='ocrx_word' id='word_1_65' title='bbox 381 1257 578 1338; x_wconf 90' lang='lat' dir='ltr'>volumus.</span> <span class='ocrx_word' id='word_1_66' title='bbox 639 1259 686 1337; x_wconf 96' lang='lat' dir='ltr'>In</span> <span class='ocrx_word' id='word_1_67' title='bbox 702 1258 790 1339; x_wconf 86' lang='lat' dir='ltr'>illos</span> <span class='ocrx_word' id='word_1_68' title='bbox 805 1278 939 1338; x_wconf 90' lang='lat' dir='ltr'>autem</span> <span class='ocrx_word' id='word_1_69' title='bbox 953 1255 1140 1394; x_wconf 84' lang='lat' dir='ltr'>perfugas</span> <span class='ocrx_word' id='word_1_70' title='bbox 1156 1277 1195 1338; x_wconf 94' lang='lat' dir='ltr'>et</span> <span class='ocrx_word' id='word_1_71' title='bbox 1213 1257 1285 1337; x_wconf 79' lang='lat' dir='ltr'>fica·</span> <span class='ocrx_word' id='word_1_72' title='bbox 1355 1264 1357 1273; x_wconf 88' lang='lat'>&#39;</span> 
     </span>
     <span class='ocr_line' id='line_1_11' title="bbox 162 1365 1286 1479; baseline -0.005 -27"><span class='ocrx_word' id='word_1_73' title='bbox 162 1374 253 1467; x_wconf 93' lang='lat' dir='ltr'>rios,</span> <span class='ocrx_word' id='word_1_74' title='bbox 269 1368 350 1452; x_wconf 87' lang='lat' dir='ltr'>tam</span> <span class='ocrx_word' id='word_1_75' title='bbox 364 1389 512 1450; x_wconf 87' lang='lat' dir='ltr'>veteres</span> <span class='ocrx_word' id='word_1_76' title='bbox 532 1366 651 1479; x_wconf 69' lang='lat' dir='ltr'>quim</span> <span class='ocrx_word' id='word_1_77' title='bbox 672 1389 861 1466; x_wconf 84' lang='lat' dir='ltr'>recentes,</span> <span class='ocrx_word' id='word_1_78' title='bbox 877 1371 904 1449; x_wconf 87' lang='lat' dir='ltr'>fi</span> <span class='ocrx_word' id='word_1_79' title='bbox 920 1365 1112 1449; x_wconf 89' lang='lat' dir='ltr'>maturius</span> <span class='ocrx_word' id='word_1_80' title='bbox 1132 1366 1286 1450; x_wconf 88' lang='lat' dir='ltr'>animad-</span> 
     </span>
     <span class='ocr_line' id='line_1_12' title="bbox 161 1477 1287 1591; baseline -0.008 -26"><span class='ocrx_word' id='word_1_81' title='bbox 161 1486 334 1579; x_wconf 87' lang='lat' dir='ltr'>vertetis,</span> <span class='ocrx_word' id='word_1_82' title='bbox 361 1502 401 1563; x_wconf 91' lang='lat' dir='ltr'>et</span> <span class='ocrx_word' id='word_1_83' title='bbox 427 1482 539 1563; x_wconf 91' lang='lat' dir='ltr'>nobis</span> <span class='ocrx_word' id='word_1_84' title='bbox 564 1483 841 1591; x_wconf 87' lang='lat' dir='ltr'>gratiffimum,</span> <span class='ocrx_word' id='word_1_85' title='bbox 867 1499 908 1562; x_wconf 90' lang='lat' dir='ltr'>et</span> <span class='ocrx_word' id='word_1_86' title='bbox 931 1478 1167 1562; x_wconf 88' lang='lat' dir='ltr'>authoritate</span> <span class='ocrx_word' id='word_1_87' title='bbox 1187 1477 1287 1565; x_wconf 74' lang='lat' dir='ltr'>vestrl</span> 
     </span>
     <span class='ocr_line' id='line_1_13' title="bbox 160 1592 1109 1706; baseline -0.005 -28"><span class='ocrx_word' id='word_1_88' title='bbox 160 1617 276 1705; x_wconf 88' lang='lat' dir='ltr'>atque</span> <span class='ocrx_word' id='word_1_89' title='bbox 298 1595 504 1706; x_wconf 85' lang='lat' dir='ltr'>prudentia</span> <span class='ocrx_word' id='word_1_90' title='bbox 523 1594 691 1702; x_wconf 90' lang='lat' dir='ltr'>dignum</span> <span class='ocrx_word' id='word_1_91' title='bbox 711 1593 894 1674; x_wconf 88' lang='lat' dir='ltr'>feceritis</span> <span class='ocrx_word' id='word_1_92' title='bbox 954 1592 1109 1673; x_wconf 79' lang='lat' dir='ltr'>Valere</span> 
     </span>
    </p>
   </div>
   <div class='ocr_carea' id='block_1_3' title="bbox 248 1704 1107 1819">
    <p class='ocr_par' dir='ltr' id='par_1_3' title="bbox 248 1704 1107 1819">
     <span class='ocr_line' id='line_1_14' title="bbox 248 1704 1107 1819; baseline -0.005 -29"><span class='ocrx_word' id='word_1_93' title='bbox 248 1711 318 1790; x_wconf 92' lang='lat' dir='ltr'><em>W</em></span> <span class='ocrx_word' id='word_1_94' title='bbox 303 1706 568 1819; x_wconf 83' lang='lat' dir='ltr'>simonasterro</span> <span class='ocrx_word' id='word_1_95' title='bbox 628 1708 729 1789; x_wconf 86' lang='lat' dir='ltr'>Dat.</span> <span class='ocrx_word' id='word_1_96' title='bbox 755 1733 820 1814; x_wconf 85' lang='lat'>31·</span> <span class='ocrx_word' id='word_1_97' title='bbox 842 1704 960 1786; x_wconf 83' lang='lat' dir='ltr'>Maii</span> <span class='ocrx_word' id='word_1_98' title='bbox 987 1707 1036 1786; x_wconf 87' lang='lat'>16</span> <span class='ocrx_word' id='word_1_99' title='bbox 1040 1730 1107 1814; x_wconf 80' lang='lat'>50</span> 
     </span>
    </p>
   </div>
   <div class='ocr_carea' id='block_1_4' title="bbox 165 2103 1307 2459">
    <p class='ocr_par' dir='ltr' id='par_1_4' title="bbox 165 2103 1296 2459">
     <span class='ocr_line' id='line_1_15' title="bbox 345 2103 1121 2217; baseline 0 -31"><span class='ocrx_word' id='word_1_100' title='bbox 345 2105 534 2217; x_wconf 92' lang='lat' dir='ltr'>Philippo</span> <span class='ocrx_word' id='word_1_101' title='bbox 553 2107 779 2215; x_wconf 60' lang='lat' dir='ltr'>Quartor</span> <span class='ocrx_word' id='word_1_102' title='bbox 721 2103 991 2215; x_wconf 82' lang='lat' dir='ltr'>Hispaniarum</span> <span class='ocrx_word' id='word_1_103' title='bbox 1010 2105 1121 2213; x_wconf 83' lang='lat' dir='ltr'>Regi</span> 
     </span>
     <span class='ocr_line' id='line_1_16' title="bbox 165 2263 1307 2459; baseline 0.003 -113"><span class='ocrx_word' id='word_1_104' title='bbox 165 2267 454 2459; x_wconf 78' lang='lat' dir='ltr'>ANtonium</span> <span class='ocrx_word' id='word_1_105' title='bbox 475 2263 714 2376; x_wconf 85' lang='lat' dir='ltr'>Ascamum</span> <span class='ocrx_word' id='word_1_106' title='bbox 700 2295 722 2346; x_wconf 88' lang='lat' dir='ltr'>a</span> <span class='ocrx_word' id='word_1_107' title='bbox 748 2266 861 2347; x_wconf 90' lang='lat' dir='ltr'>nobis</span> <span class='ocrx_word' id='word_1_108' title='bbox 884 2267 933 2347; x_wconf 87' lang='lat' dir='ltr'>ad</span> <span class='ocrx_word' id='word_1_109' title='bbox 952 2265 1036 2373; x_wconf 90' lang='lat' dir='ltr'>Maj</span> <span class='ocrx_word' id='word_1_110' title='bbox 1040 2266 1203 2348; x_wconf 88' lang='lat' dir='ltr'>estatem</span> <span class='ocrx_word' id='word_1_111' title='bbox 1215 2267 1307 2349; x_wconf 89' lang='lat' dir='ltr'>Ves-</span> 
     </span>
    </p>
   </div>
   <div class='ocr_carea' id='block_1_5' title="bbox 158 2379 1338 4513">
    <p class='ocr_par' dir='ltr' id='par_1_5' title="bbox 158 2379 1338 4513">
     <span class='ocr_line' id='line_1_17' title="bbox 301 2379 1308 2491; baseline 0.004 -33"><span class='ocrx_word' id='word_1_112' title='bbox 301 2400 401 2460; x_wconf 87' lang='lat' dir='ltr'>tram</span> <span class='ocrx_word' id='word_1_113' title='bbox 420 2408 545 2491; x_wconf 90' lang='lat' dir='ltr'>nuper</span> <span class='ocrx_word' id='word_1_114' title='bbox 567 2379 726 2460; x_wconf 77' lang='lat' dir='ltr'>milium</span> <span class='ocrx_word' id='word_1_115' title='bbox 749 2382 975 2475; x_wconf 88' lang='lat' dir='ltr'>Oratorem,</span> <span class='ocrx_word' id='word_1_116' title='bbox 997 2407 1124 2489; x_wconf 88' lang='lat' dir='ltr'>eoque</span> <span class='ocrx_word' id='word_1_117' title='bbox 1150 2380 1308 2462; x_wconf 88' lang='lat' dir='ltr'>nomine</span> 
     </span>
     <span class='ocr_line' id='line_1_18' title="bbox 162 2487 1338 2604; baseline 0.004 -36"><span class='ocrx_word' id='word_1_118' title='bbox 162 2410 536 2572; x_wconf 76' lang='lat' dir='ltr'>aPraefec‘tisvestris</span> <span class='ocrx_word' id='word_1_119' title='bbox 547 2489 843 2601; x_wconf 89' lang='lat' dir='ltr'>perhumaniter</span> <span class='ocrx_word' id='word_1_120' title='bbox 857 2490 1071 2602; x_wconf 70' lang='lat' dir='ltr'>etpublicd</span> <span class='ocrx_word' id='word_1_121' title='bbox 1087 2513 1312 2604; x_wconf 90' lang='lat' dir='ltr'>acceptum,</span> <span class='ocrx_word' id='word_1_122' title='bbox 1336 2592 1338 2594; x_wconf 8' lang='grc' dir='ltr'><strong>η</strong></span> 
     </span>
     <span class='ocr_line' id='line_1_19' title="bbox 161 2602 1316 2733; baseline 0.005 -53"><span class='ocrx_word' id='word_1_123' title='bbox 161 2602 288 2712; x_wconf 95' lang='lat' dir='ltr'>post</span> <span class='ocrx_word' id='word_1_124' title='bbox 276 2604 425 2682; x_wconf 85' lang='lat' dir='ltr'>rtineris</span> <span class='ocrx_word' id='word_1_125' title='bbox 454 2603 627 2713; x_wconf 89' lang='lat' dir='ltr'>pericula</span> <span class='ocrx_word' id='word_1_126' title='bbox 657 2623 738 2683; x_wconf 91' lang='lat' dir='ltr'>tam</span> <span class='ocrx_word' id='word_1_127' title='bbox 768 2604 991 2733; x_wconf 85' lang='lat' dir='ltr'>longinqui,</span> <span class='ocrx_word' id='word_1_128' title='bbox 1021 2605 1152 2713; x_wconf 90' lang='lat' dir='ltr'>primo</span> <span class='ocrx_word' id='word_1_129' title='bbox 1180 2605 1316 2686; x_wconf 86' lang='lat' dir='ltr'>statim</span> 
     </span>
     <span class='ocr_line' id='line_1_20' title="bbox 162 2713 1318 2824; baseline 0.006 -32"><span class='ocrx_word' id='word_1_130' title='bbox 162 2713 362 2793; x_wconf 87' lang='lat' dir='ltr'>adventu</span> <span class='ocrx_word' id='word_1_131' title='bbox 351 2743 391 2793; x_wconf 91' lang='lat' dir='ltr'>m</span> <span class='ocrx_word' id='word_1_132' title='bbox 412 2715 552 2795; x_wconf 89' lang='lat' dir='ltr'>urbem</span> <span class='ocrx_word' id='word_1_133' title='bbox 575 2716 760 2822; x_wconf 92' lang='lat' dir='ltr'>Regiam,</span> <span class='ocrx_word' id='word_1_134' title='bbox 781 2743 892 2796; x_wconf 90' lang='lat' dir='ltr'>omm</span> <span class='ocrx_word' id='word_1_135' title='bbox 880 2716 1083 2824; x_wconf 85' lang='lat' dir='ltr'>praefidio</span> <span class='ocrx_word' id='word_1_136' title='bbox 1103 2717 1318 2814; x_wconf 89' lang='lat' dir='ltr'>nudatum,</span> 
     </span>
     <span class='ocr_line' id='line_1_21' title="bbox 162 2823 1317 2937; baseline 0.004 -31"><span class='ocrx_word' id='word_1_137' title='bbox 162 2844 245 2906; x_wconf 92' lang='lat' dir='ltr'>tam</span> <span class='ocrx_word' id='word_1_138' title='bbox 264 2823 371 2906; x_wconf 85' lang='lat' dir='ltr'>ioedo</span> <span class='ocrx_word' id='word_1_139' title='bbox 388 2828 597 2937; x_wconf 88' lang='lat' dir='ltr'>parricidio</span> <span class='ocrx_word' id='word_1_140' title='bbox 608 2826 855 2908; x_wconf 77' lang='lat' dir='ltr'>confossum</span> <span class='ocrx_word' id='word_1_141' title='bbox 844 2856 884 2907; x_wconf 92' lang='lat' dir='ltr'>m</span> <span class='ocrx_word' id='word_1_142' title='bbox 900 2828 1110 2909; x_wconf 86' lang='lat' dir='ltr'>diversorio</span> <span class='ocrx_word' id='word_1_143' title='bbox 1120 2830 1317 2937; x_wconf 92' lang='lat' dir='ltr'>quodam,</span> 
     </span>
     <span class='ocr_line' id='line_1_22' title="bbox 162 2939 1321 3070; baseline 0.004 -52"><span class='ocrx_word' id='word_1_144' title='bbox 162 2957 203 3018; x_wconf 90' lang='lat' dir='ltr'>et</span> <span class='ocrx_word' id='word_1_145' title='bbox 222 2967 317 3020; x_wconf 93' lang='lat' dir='ltr'>cum</span> <span class='ocrx_word' id='word_1_146' title='bbox 332 2939 483 3047; x_wconf 85' lang='lat' dir='ltr'>Joanne</span> <span class='ocrx_word' id='word_1_147' title='bbox 498 2940 670 3080; x_wconf 77' lang='lat' dir='ltr'>Baptsta</span> <span class='ocrx_word' id='word_1_148' title='bbox 689 2939 732 3020; x_wconf 84' lang='lat' dir='ltr'>de</span> <span class='ocrx_word' id='word_1_149' title='bbox 751 2940 905 3050; x_wconf 88' lang='lat' dir='ltr'>Ripaj</span> <span class='ocrx_word' id='word_1_150' title='bbox 871 2970 892 3020; x_wconf 86' lang='lat' dir='ltr'>e</span> <span class='ocrx_word' id='word_1_151' title='bbox 908 2969 953 3021; x_wconf 90' lang='lat' dir='ltr'>us</span> <span class='ocrx_word' id='word_1_152' title='bbox 973 2941 1185 3070; x_wconf 87' lang='lat' dir='ltr'>interprete</span> <span class='ocrx_word' id='word_1_153' title='bbox 1206 2971 1321 3023; x_wconf 91' lang='lat' dir='ltr'>mac-</span> 
     </span>
     <span class='ocr_line' id='line_1_23' title="bbox 163 3049 1320 3163; baseline 0.005 -33"><span class='ocrx_word' id='word_1_154' title='bbox 163 3069 290 3131; x_wconf 90' lang='lat' dir='ltr'>tatum</span> <span class='ocrx_word' id='word_1_155' title='bbox 310 3051 398 3146; x_wconf 82' lang='lat' dir='ltr'>elie,</span> <span class='ocrx_word' id='word_1_156' title='bbox 420 3079 565 3158; x_wconf 90' lang='lat' dir='ltr'>magno</span> <span class='ocrx_word' id='word_1_157' title='bbox 581 3049 668 3131; x_wconf 68' lang='lat' dir='ltr'>sane</span> <span class='ocrx_word' id='word_1_158' title='bbox 688 3080 781 3131; x_wconf 90' lang='lat' dir='ltr'>cum</span> <span class='ocrx_word' id='word_1_159' title='bbox 801 3051 936 3133; x_wconf 89' lang='lat' dir='ltr'>dolore</span> <span class='ocrx_word' id='word_1_160' title='bbox 956 3055 1194 3163; x_wconf 89' lang='lat' dir='ltr'>accepimus.</span> <span class='ocrx_word' id='word_1_161' title='bbox 1248 3056 1320 3136; x_wconf 89' lang='lat' dir='ltr'>De</span> 
     </span>
     <span class='ocr_line' id='line_1_24' title="bbox 162 3162 1323 3274; baseline 0.005 -31"><span class='ocrx_word' id='word_1_162' title='bbox 162 3164 240 3244; x_wconf 92' lang='lat' dir='ltr'>illis</span> <span class='ocrx_word' id='word_1_163' title='bbox 260 3181 392 3243; x_wconf 91' lang='lat' dir='ltr'>autem</span> <span class='ocrx_word' id='word_1_164' title='bbox 408 3162 640 3274; x_wconf 88' lang='lat' dir='ltr'>parricidisj</span> <span class='ocrx_word' id='word_1_165' title='bbox 644 3192 710 3243; x_wconf 90' lang='lat' dir='ltr'>am</span> <span class='ocrx_word' id='word_1_166' title='bbox 729 3162 1031 3273; x_wconf 88' lang='lat' dir='ltr'>comprehenfis,</span> <span class='ocrx_word' id='word_1_167' title='bbox 1053 3183 1097 3246; x_wconf 88' lang='lat' dir='ltr'>ut</span> <span class='ocrx_word' id='word_1_168' title='bbox 1115 3163 1258 3262; x_wconf 88' lang='lat' dir='ltr'>fertur,</span> <span class='ocrx_word' id='word_1_169' title='bbox 1279 3187 1323 3249; x_wconf 90' lang='lat' dir='ltr'>et</span> 
     </span>
     <span class='ocr_line' id='line_1_25' title="bbox 162 3275 1321 3389; baseline 0.006 -36"><span class='ocrx_word' id='word_1_170' title='bbox 162 3275 202 3354; x_wconf 93' lang='lat' dir='ltr'>in</span> <span class='ocrx_word' id='word_1_171' title='bbox 223 3277 439 3356; x_wconf 90' lang='lat' dir='ltr'>custodiam</span> <span class='ocrx_word' id='word_1_172' title='bbox 465 3276 578 3370; x_wconf 94' lang='lat' dir='ltr'>datis,</span> <span class='ocrx_word' id='word_1_173' title='bbox 606 3276 780 3383; x_wconf 90' lang='lat' dir='ltr'>quinon</span> <span class='ocrx_word' id='word_1_174' title='bbox 804 3304 874 3368; x_wconf 89' lang='lat' dir='ltr'>nos</span> <span class='ocrx_word' id='word_1_175' title='bbox 898 3277 1089 3357; x_wconf 84' lang='lat' dir='ltr'>duntaxat</span> <span class='ocrx_word' id='word_1_176' title='bbox 1110 3306 1182 3389; x_wconf 87' lang='lat' dir='ltr'>per</span> <span class='ocrx_word' id='word_1_177' title='bbox 1209 3279 1321 3361; x_wconf 86' lang='lat' dir='ltr'>illius</span> 
     </span>
     <span class='ocr_line' id='line_1_26' title="bbox 161 3385 1321 3498; baseline 0.006 -33"><span class='ocrx_word' id='word_1_178' title='bbox 161 3385 297 3482; x_wconf 88' lang='lat' dir='ltr'>latera,</span> <span class='ocrx_word' id='word_1_179' title='bbox 313 3387 376 3466; x_wconf 87' lang='lat' dir='ltr'>sed</span> <span class='ocrx_word' id='word_1_180' title='bbox 390 3388 556 3468; x_wconf 88' lang='lat' dir='ltr'>vestram</span> <span class='ocrx_word' id='word_1_181' title='bbox 571 3416 730 3497; x_wconf 92' lang='lat' dir='ltr'>quoque</span> <span class='ocrx_word' id='word_1_182' title='bbox 747 3388 868 3468; x_wconf 92' lang='lat' dir='ltr'>fidem</span> <span class='ocrx_word' id='word_1_183' title='bbox 882 3407 999 3498; x_wconf 89' lang='lat' dir='ltr'>atque</span> <span class='ocrx_word' id='word_1_184' title='bbox 1013 3388 1206 3471; x_wconf 89' lang='lat' dir='ltr'>honorem</span> <span class='ocrx_word' id='word_1_185' title='bbox 1220 3420 1321 3472; x_wconf 92' lang='lat' dir='ltr'>con-</span> 
     </span>
     <span class='ocr_line' id='line_1_27' title="bbox 161 3499 1321 3610; baseline 0.006 -34"><span class='ocrx_word' id='word_1_186' title='bbox 161 3499 330 3579; x_wconf 89' lang='lat' dir='ltr'>sauciare</span> <span class='ocrx_word' id='word_1_187' title='bbox 351 3528 396 3580; x_wconf 89' lang='lat' dir='ltr'>ac</span> <span class='ocrx_word' id='word_1_188' title='bbox 415 3500 523 3610; x_wconf 76' lang='lat' dir='ltr'>paend</span> <span class='ocrx_word' id='word_1_189' title='bbox 544 3501 770 3608; x_wconf 89' lang='lat' dir='ltr'>transfigere</span> <span class='ocrx_word' id='word_1_190' title='bbox 790 3499 878 3581; x_wconf 93' lang='lat' dir='ltr'>sunt</span> <span class='ocrx_word' id='word_1_191' title='bbox 904 3502 998 3597; x_wconf 89' lang='lat' dir='ltr'>aufi,</span> <span class='ocrx_word' id='word_1_192' title='bbox 1021 3501 1150 3610; x_wconf 88' lang='lat' dir='ltr'>deque</span> <span class='ocrx_word' id='word_1_193' title='bbox 1173 3531 1321 3583; x_wconf 89' lang='lat' dir='ltr'>eorum</span> 
     </span>
     <span class='ocr_line' id='line_1_28' title="bbox 161 3610 1320 3725; baseline 0.003 -34"><span class='ocrx_word' id='word_1_194' title='bbox 161 3611 460 3720; x_wconf 86' lang='lat' dir='ltr'>quibuscunque</span> <span class='ocrx_word' id='word_1_195' title='bbox 489 3610 754 3692; x_wconf 87' lang='lat' dir='ltr'>hortatoribus</span> <span class='ocrx_word' id='word_1_196' title='bbox 786 3640 831 3692; x_wconf 94' lang='lat' dir='ltr'>ac</span> <span class='ocrx_word' id='word_1_197' title='bbox 859 3610 971 3693; x_wconf 90' lang='lat' dir='ltr'>sociis</span> <span class='ocrx_word' id='word_1_198' title='bbox 1001 3632 1047 3692; x_wconf 90' lang='lat' dir='ltr'>ut</span> <span class='ocrx_word' id='word_1_199' title='bbox 1073 3613 1320 3725; x_wconf 89' lang='lat' dir='ltr'>supplicium</span> 
     </span>
     <span class='ocr_line' id='line_1_29' title="bbox 162 3724 1320 3863; baseline 0.004 -61"><span class='ocrx_word' id='word_1_200' title='bbox 162 3742 269 3803; x_wconf 90' lang='lat' dir='ltr'>tanto</span> <span class='ocrx_word' id='word_1_201' title='bbox 288 3725 429 3804; x_wconf 89' lang='lat' dir='ltr'>scelere</span> <span class='ocrx_word' id='word_1_202' title='bbox 449 3724 618 3831; x_wconf 91' lang='lat' dir='ltr'>dignum</span> <span class='ocrx_word' id='word_1_203' title='bbox 633 3724 768 3863; x_wconf 90' lang='lat' dir='ltr'>primo</span> <span class='ocrx_word' id='word_1_204' title='bbox 795 3751 955 3833; x_wconf 93' lang='lat' dir='ltr'>quoque</span> <span class='ocrx_word' id='word_1_205' title='bbox 980 3743 1157 3835; x_wconf 89' lang='lat' dir='ltr'>tempore</span> <span class='ocrx_word' id='word_1_206' title='bbox 1183 3725 1320 3807; x_wconf 88' lang='lat' dir='ltr'>suma·</span> 
     </span>
     <span class='ocr_line' id='line_1_30' title="bbox 163 3832 1317 3947; baseline 0.007 -34"><span class='ocrx_word' id='word_1_207' title='bbox 163 3854 239 3929; x_wconf 88' lang='lat' dir='ltr'>tur,</span> <span class='ocrx_word' id='word_1_208' title='bbox 261 3866 378 3946; x_wconf 91' lang='lat' dir='ltr'>opere</span> <span class='ocrx_word' id='word_1_209' title='bbox 398 3865 520 3946; x_wconf 90' lang='lat' dir='ltr'>quarn</span> <span class='ocrx_word' id='word_1_210' title='bbox 535 3839 712 3917; x_wconf 85' lang='lat' dir='ltr'>maximo</span> <span class='ocrx_word' id='word_1_211' title='bbox 732 3832 968 3945; x_wconf 73' lang='lat' dir='ltr'>dMajestate</span> <span class='ocrx_word' id='word_1_212' title='bbox 982 3840 1034 3917; x_wconf 94' lang='lat' dir='ltr'><em>V</em></span> <span class='ocrx_word' id='word_1_213' title='bbox 1015 3840 1111 3947; x_wconf 82' lang='lat' dir='ltr'>stra</span> <span class='ocrx_word' id='word_1_214' title='bbox 1127 3839 1317 3947; x_wconf 90' lang='lat' dir='ltr'>petimus.</span> 
     </span>
     <span class='ocr_line' id='line_1_31' title="bbox 161 3945 1317 4059; baseline 0.006 -34"><span class='ocrx_word' id='word_1_215' title='bbox 161 3949 402 4055; x_wconf 80' lang='lat' dir='ltr'>Qanquam</span> <span class='ocrx_word' id='word_1_216' title='bbox 417 3951 457 4027; x_wconf 91' lang='lat' dir='ltr'>id</span> <span class='ocrx_word' id='word_1_217' title='bbox 473 3945 600 4029; x_wconf 90' lang='lat' dir='ltr'>nihilo</span> <span class='ocrx_word' id='word_1_218' title='bbox 615 3951 746 4028; x_wconf 86' lang='lat' dir='ltr'>minus</span> <span class='ocrx_word' id='word_1_219' title='bbox 762 3946 975 4027; x_wconf 75' lang='lat' dir='ltr'>factum</span> <span class='ocrx_word' id='word_1_220' title='bbox 928 3978 991 4044; x_wconf 87' lang='grc' dir='ltr'><strong>ιιι,</strong></span> <span class='ocrx_word' id='word_1_221' title='bbox 1005 3951 1111 4058; x_wconf 94' lang='lat' dir='ltr'>quod</span> <span class='ocrx_word' id='word_1_222' title='bbox 1124 3951 1317 4059; x_wconf 91' lang='lat' dir='ltr'>petimus,</span> 
     </span>
     <span class='ocr_line' id='line_1_32' title="bbox 159 4056 1318 4171; baseline 0.004 -33"><span class='ocrx_word' id='word_1_223' title='bbox 159 4078 296 4168; x_wconf 92' lang='lat' dir='ltr'>utpote</span> <span class='ocrx_word' id='word_1_224' title='bbox 316 4056 464 4169; x_wconf 89' lang='lat' dir='ltr'>aRege</span> <span class='ocrx_word' id='word_1_225' title='bbox 484 4062 550 4141; x_wconf 91' lang='lat' dir='ltr'>sua</span> <span class='ocrx_word' id='word_1_226' title='bbox 569 4060 762 4170; x_wconf 89' lang='lat' dir='ltr'>sponte</span> <span class='ocrx_word' id='word_1_227' title='bbox 723 4088 790 4171; x_wconf 80' lang='lat' dir='ltr'>pro</span> <span class='ocrx_word' id='word_1_228' title='bbox 810 4080 927 4169; x_wconf 89' lang='lat' dir='ltr'>atque</span> <span class='ocrx_word' id='word_1_229' title='bbox 941 4059 1226 4167; x_wconf 85' lang='lat' dir='ltr'>Justo,et1amfi</span> <span class='ocrx_word' id='word_1_230' title='bbox 1243 4091 1318 4145; x_wconf 89' lang='lat' dir='ltr'>ne-</span> 
     </span>
     <span class='ocr_line' id='line_1_33' title="bbox 160 4171 1319 4286; baseline 0.003 -33"><span class='ocrx_word' id='word_1_231' title='bbox 160 4199 229 4253; x_wconf 92' lang='lat' dir='ltr'>mo</span> <span class='ocrx_word' id='word_1_232' title='bbox 248 4190 415 4281; x_wconf 88' lang='lat' dir='ltr'>peteret,</span> <span class='ocrx_word' id='word_1_233' title='bbox 431 4201 510 4252; x_wconf 94' lang='lat' dir='ltr'>non</span> <span class='ocrx_word' id='word_1_234' title='bbox 526 4171 764 4254; x_wconf 89' lang='lat' dir='ltr'>dubitamus.</span> <span class='ocrx_word' id='word_1_235' title='bbox 826 4172 949 4286; x_wconf 84' lang='lat' dir='ltr'>Qod</span> <span class='ocrx_word' id='word_1_236' title='bbox 969 4175 1168 4284; x_wconf 90' lang='lat' dir='ltr'>reliquum</span> <span class='ocrx_word' id='word_1_237' title='bbox 1185 4174 1258 4269; x_wconf 89' lang='lat' dir='ltr'>est,</span> <span class='ocrx_word' id='word_1_238' title='bbox 1273 4198 1319 4258; x_wconf 93' lang='lat' dir='ltr'>ut</span> 
     </span>
     <span class='ocr_line' id='line_1_34' title="bbox 158 4283 1318 4417; baseline 0.005 -52"><span class='ocrx_word' id='word_1_239' title='bbox 158 4312 300 4394; x_wconf 91' lang='lat' dir='ltr'>corpus</span> <span class='ocrx_word' id='word_1_240' title='bbox 316 4285 500 4365; x_wconf 86' lang='lat' dir='ltr'>exanime</span> <span class='ocrx_word' id='word_1_241' title='bbox 519 4285 656 4366; x_wconf 88' lang='lat' dir='ltr'>amicis</span> <span class='ocrx_word' id='word_1_242' title='bbox 673 4284 747 4365; x_wconf 89' lang='lat' dir='ltr'>suis</span> <span class='ocrx_word' id='word_1_243' title='bbox 767 4304 884 4395; x_wconf 90' lang='lat' dir='ltr'>atque</span> <span class='ocrx_word' id='word_1_244' title='bbox 904 4283 1095 4368; x_wconf 89' lang='lat' dir='ltr'>famulis</span> <span class='ocrx_word' id='word_1_245' title='bbox 1083 4315 1125 4368; x_wconf 91' lang='grc' dir='ltr'>ιιι</span> <span class='ocrx_word' id='word_1_246' title='bbox 1146 4289 1318 4417; x_wconf 92' lang='lat' dir='ltr'>patriam</span> 
     </span>
     <span class='ocr_line' id='line_1_35' title="bbox 158 4398 1317 4513; baseline 0.004 -33"><span class='ocrx_word' id='word_1_247' title='bbox 158 4399 446 4508; x_wconf 88' lang='lat' dir='ltr'>deportandum</span> <span class='ocrx_word' id='word_1_248' title='bbox 462 4398 645 4493; x_wconf 88' lang='lat' dir='ltr'>tradatur,</span> <span class='ocrx_word' id='word_1_249' title='bbox 661 4416 783 4506; x_wconf 91' lang='lat' dir='ltr'>utque</span> <span class='ocrx_word' id='word_1_250' title='bbox 798 4427 937 4481; x_wconf 91' lang='lat' dir='ltr'>eorum</span> <span class='ocrx_word' id='word_1_251' title='bbox 956 4399 1069 4481; x_wconf 92' lang='lat' dir='ltr'>saluti</span> <span class='ocrx_word' id='word_1_252' title='bbox 1088 4429 1160 4510; x_wconf 85' lang='lat' dir='ltr'>qur</span> <span class='ocrx_word' id='word_1_253' title='bbox 1147 4400 1317 4513; x_wconf 86' lang='lat' dir='ltr'>super-</span> 
     </span>
    </p>
   </div>
   <div class='ocr_carea' id='block_1_6' title="bbox 0 0 1485 4980">
    <p class='ocr_par' dir='ltr' id='par_1_6' title="bbox 0 0 1485 4980">
     <span class='ocr_line' id='line_1_36' title="bbox 0 0 1485 4980; baseline 0 0"><span class='ocrx_word' id='word_1_254' title='bbox 0 0 1485 4980; x_wconf 95' lang='lat' dir='ltr'> </span> 
     </span>
    </p>
   </div>
  </div>
 </body>
</html>
