2956 4980
401 244 564 340 Literae
590 251 781 344 Senatus
807 245 1075 379 Anglicani.
1237 288 1316 367 229

153 750 460 833 Parlamentum
479 754 655 863 Reipub.
677 756 832 864 Angliae
848 757 1059 865 illustribus
1073 777 1110 838 et
1125 757 1313 866 Amplff-

214 863 281 943 mss
311 863 539 970 Constdibus,
570 868 762 961 Scultetss,
792 870 978 950 Landam.
1009 889 1045 949 et
1076 869 1315 950 Senatoribus

218 977 426 1057 Cantonum
447 980 638 1059 Helvettie
658 981 986 1088 Evangelicorum,
1009 982 1192 1089 Tigurini,
1214 982 1312 1060 Ber-

217 1088 346 1194 nenfls,
370 1090 615 1197 Glaroneefis‚
631 1092 854 1202 Bastleenfis,
876 1093 1162 1200 Scheffestensts,
1178 1092 1313 1173 Abba-

215 1198 410 1305 tffcellani,
424 1231 490 1281 nec
503 1231 573 1283 non
586 1203 738 1312 ejustsem
752 1205 954 1311 Religionis
971 1206 1313 1313 Confuderetorum

216 1311 255 1391 in
273 1312 443 1406 Rlaetia,
459 1315 634 1408 Geneoae,
649 1316 892 1424 Sanciogalli,
906 1318 1087 1424 Multusti
1095 1335 1132 1398 et
1143 1317 1311 1410 Biennae,

216 1423 362 1504 Amicis
378 1425 508 1533 nostris
526 1427 640 1507 chari
672 1428 753 1521 mss,
775 1428 963 1509 Salutem.

255 1670 379 1751 Iteras
396 1669 554 1765 vestras,
575 1672 744 1781 Illustres
762 1672 919 1753 Domini
939 1691 1051 1784 atque
1065 1673 1196 1753 Amici
1209 1671 1312 1752 Cha-

282 1781 421 1889 rifflmi,
442 1784 658 1865 Decembris
689 1809 755 1887 24.
783 1788 830 1865 16
836 1811 902 1892 52·
925 1786 973 1864 ad
1003 1787 1091 1865 Nos
1111 1786 1218 1864 datas
1247 1811 1311 1864 ac·

162 1894 356 2006 cepimus,
380 1896 491 1976 omni
514 1894 776 1990 humanitate,
797 1897 1083 1991 benevolentis,
1105 1897 1310 2003 studioque

161 2034 254 2117 erga
291 2034 363 2088 nos
396 2006 647 2116 nostramque
688 2009 890 2117 Rempub.
924 2011 1085 2117 egregio
1124 2006 1308 2103 refertas;

161 2120 350 2229 quodque
369 2117 481 2198 nobis
501 2119 653 2228 semper
672 2120 797 2226 majus
818 2123 857 2200 δι
876 2123 1075 2229 antiquius
1091 2119 1311 2214 deberem,

160 2230 395 2312 charitatem
424 2228 635 2312 fraternam
659 2235 698 2312 dc
717 2230 806 2313 vere
832 2230 1081 2313 christianam
1110 2231 1310 2341 spirantes.

161 2344 334 2451 Deoque
354 2343 552 2450 imprimis
575 2344 745 2453 Optimo
769 2345 956 2424 Maximo
981 2345 1122 2451 gratias
1141 2344 1311 2450 agimus,

162 2457 231 2565 qui
247 2482 317 2536 vos
330 2472 468 2562 totque
483 2455 625 2535 vestras
647 2456 834 2536 Civitates
854 2456 1120 2549 nobiliffimas,
1137 2473 1313 2535 nontam

162 2567 239 2648 illis
270 2567 471 2647 montium
502 2567 676 2648 claustris
705 2563 827 2677 quim
858 2569 968 2648 insite
998 2569 1121 2647 vestra
1153 2567 1311 2647 sortitu-

163 2678 269 2772 dine,
297 2679 457 2789 pietate,
479 2699 518 2759 et
542 2680 837 2788 prudentissimi
864 2681 1153 2788 aequissimique
1179 2706 1312 2758 rerum

163 2790 342 2871 civilium
371 2790 719 2885 administratione,
751 2792 888 2871 mutui
916 2792 1087 2898 denique
1117 2791 1312 2870 soederum

163 2901 237 2984 fide
257 2902 570 2984 circumvallatas
591 2923 707 3012 atque
728 2904 913 2995 munitas,
934 2903 1198 2982 firmissimum
1222 2901 1312 2981 uni-

163 3015 277 3095 verfis
307 3012 538 3096 orthodoxis
568 3016 788 3125 praestdium
819 3015 896 3095 illis
929 3017 969 3093 in
1001 3014 1096 3094 locis
1127 3013 1313 3093 excitavit

163 3145 279 3235 atque
299 3126 524 3207 constituit:
555 3156 623 3208 vos
642 3128 799 3221 deinde,
817 3128 887 3234 qui
907 3153 1158 3234 peromnem
1184 3127 1310 3204 Euro-

189 3266 256 3318 am
276 3238 397 3350 primi
415 3235 496 3318 fere
511 3240 741 3320 mortalium
760 3237 848 3349 post
862 3239 1030 3318 investas
1046 3238 1094 3318 ab
1110 3237 1311 3344 Aquilone

162 3266 425 3431 larbarorum
446 3352 607 3459 Regum
627 3351 866 3460 tyrannidOS,
888 3352 979 3429 Deo
998 3350 1165 3430 vestram
1185 3351 1309 3428 virtu-

163 3480 244 3542 tem
264 3461 527 3573 prosperante,
548 3463 769 3544 libertatem
790 3462 899 3542 vobis
923 3461 1139 3571 peperistis,
1161 3481 1311 3571 partam

162 3572 268 3655 haud
288 3576 441 3654 minore
469 3575 677 3684 prudentii
696 3604 740 3654 ac
761 3574 1044 3667 moderatione,
1066 3593 1123 3654 tot
1153 3603 1222 3682 per
1242 3602 1311 3653 an-

164 3714 248 3781 nos,
265 3686 458 3766 illibatam
475 3686 744 3783 conservastis3
776 3687 823 3766 de
839 3686 950 3767 nobis
964 3686 1169 3794 nostrique
1191 3687 1311 3766 liber-

164 3816 241 3879 tate
272 3825 400 3907 nuper
422 3799 617 3879 vindicati
648 3797 729 3879 tim
760 3798 940 3906 ptaeclard
972 3798 1124 3892 sentire,
1150 3817 1310 3906 tamque

164 3911 328 3992 sinceros
352 3912 561 4019 Evangelii
580 3913 748 3992 cultores
768 3912 816 3990 de
837 3911 965 3990 nostro
986 3912 1028 3988 in
1047 3908 1311 3990 orthodoxam

163 4021 284 4103 fidem
304 4050 439 4103 amore
457 4052 501 4103 ac
522 4023 664 4118 studio,
681 4020 762 4103 tim
782 4020 999 4103 constantin
1019 4022 1253 4130 persuaderi,
1271 4023 1311 4102 id

161 4134 326 4243 quidem
344 4133 462 4243 longe
483 4135 594 4216 nobis
618 4136 877 4244 gratiffimum
897 4135 965 4214 est.
1027 4134 1149 4247 Qod
1178 4156 1311 4214 autem

162 4246 209 4326 ad
229 4275 370 4356 pacem
389 4276 458 4329 nos
478 4246 542 4358 pie
563 4248 649 4328 sane
668 4267 709 4327 et
728 4247 885 4340 affedtu,
901 4267 943 4327 ut
956 4246 1067 4326 nobis
1082 4246 1138 4325 est
1156 4246 1311 4356 persua-

161 4358 363 4453 sissimum,
389 4359 479 4441 vere
503 4358 714 4441 christiano
743 4357 1023 4452 adhortamini,
1048 4385 1309 4468 permagnum

162 4470 268 4552 certe
298 4473 452 4581 pondus
472 4474 575 4583 apud
606 4500 675 4552 nos
695 4501 738 4551 ea
759 4468 978 4551 adhortatio
1008 4470 1150 4549 habere
1171 4469 1310 4559 debet;
