2956 4980
161 275 184 331 2
189 274 242 359 52
392 237 555 332 Literae
579 229 774 328 Oliverii
798 231 1093 326 Protedtoris

346 570 578 653 Civitatibus
598 571 857 651 Helvetiorum
878 568 1134 677 Evangelicu.

273 734 342 812 On
366 732 593 811 dubitamus
618 730 715 837 quin
740 728 789 807 ad
811 755 924 807 aures
946 726 1091 808 vestras
1113 728 1290 836 aliquanto

298 846 414 924 citius
430 841 551 952 quim
570 841 619 921 ad
640 839 767 920 nostra
782 840 850 919 illa
866 867 993 951 nuper
1006 841 1208 920 calamitas
1223 868 1291 949 per·

158 957 311 1036 venerit
348 956 574 1064 Alpinorum
612 951 824 1031 hominum
863 952 1102 1058 religionem
1143 952 1292 1031 nostram

158 1066 447 1177 profitentium,
468 1068 537 1175 qui
566 1063 764 1145 Sabuudiae
784 1063 910 1144 Ducis
927 1065 969 1142 in
988 1063 1140 1171 fideac
1164 1064 1291 1144 ditione

158 1176 255 1258 cbm
270 1181 357 1273 fint,
374 1179 433 1259 sui
449 1179 645 1286 Principis
656 1177 787 1256 edidio
801 1178 937 1284 patriis
951 1175 1107 1255 sedibus
1121 1180 1292 1284 emigrare

153 1290 245 1397 jufii
264 1292 306 1370 ni
329 1293 431 1371 intra
450 1290 626 1370 triduum
646 1287 923 1368 satisdedifient
942 1287 979 1367 se
999 1290 1206 1368 Romanum
1230 1289 1293 1368 Re·

161 1404 354 1510 ligionem
373 1402 627 1512 suscepturos,
648 1428 745 1480 mox
760 1401 879 1480 armis
894 1401 1009 1509 petiti
1018 1419 1060 1480 et
1073 1400 1124 1480 ab
1138 1402 1295 1480 exercitu

160 1516 288 1597 Ducis
314 1515 372 1595 sui
397 1515 544 1608 occifis,
568 1517 690 1594 etiam
707 1513 917 1623 permultis
937 1515 978 1591 in
995 1513 1166 1592 exilium
1185 1513 1296 1619 ejedi,

160 1654 268 1706 nunc
289 1628 367 1707 fine
387 1627 481 1721 lare,
503 1627 580 1704 fine
596 1631 712 1720 tedio,
729 1626 840 1719 nudi,
856 1623 1024 1734 spoliati,
1041 1621 1196 1720 afflieri,
1210 1624 1300 1704 fame

161 1758 202 1818 et
222 1738 368 1845 frigore
382 1739 625 1832 moribundi,
642 1766 712 1847 per
725 1757 879 1817 montes
892 1735 1061 1816 desertos
1074 1757 1193 1845 atque
1209 1739 1302 1816 nives

160 1877 255 1930 cum
267 1851 500 1957 conjugibus
512 1879 557 1930 ac
570 1850 700 1930 liberis
712 1847 929 1929 miserrime
943 1867 1147 1956 vagantur.
1177 1849 1304 1930 Multo

161 1961 218 2041 est
238 1964 369 2042 minus
389 1991 460 2042 cur
478 1962 703 2043 dubitemus
722 1963 821 2071 quin
840 1959 937 2054 haec,
954 1981 999 2041 ut
1013 1962 1194 2069 primum
1206 1963 1306 2041 vobis

161 2076 338 2153 nuntiata
367 2071 453 2154 sunt
477 2077 563 2183 pari
594 2094 709 2181 atque
737 2102 807 2153 nos
840 2093 1037 2153 tantarum
1067 2073 1308 2154 miseriarum

162 2185 268 2267 sensu
289 2215 414 2294 eoque
432 2186 584 2268 fortafie
600 2187 775 2294 graviore
790 2214 871 2294 quo
886 2185 1048 2266 illorum
1061 2185 1208 2266 finibus
1223 2215 1308 2297 pro-

160 2300 291 2408 piores
324 2299 425 2393 estis,
456 2300 591 2379 dolore
632 2297 847 2378 affecerint.
906 2298 1092 2378 Vestrum
1125 2301 1236 2378 enim
1273 2299 1310 2376 in

160 2411 301 2520 primis
317 2410 561 2491 Orthodoxae
579 2411 670 2490 fidei
687 2410 858 2490 studium
872 2412 1080 2519 egregium
1096 2410 1310 2490 summam·

161 2550 240 2630 que
259 2524 299 2601 in
315 2521 360 2601 et
372 2551 465 2602 cum
479 2524 681 2603 retinendi
696 2523 954 2604 constantiam
967 2545 1053 2604 tum
1069 2520 1311 2602 defendendi

162 2631 438 2714 fortitudinem
451 2635 604 2716 abunde
617 2637 814 2716 novimus.
848 2637 956 2715 Cum
969 2638 1099 2743 itaque
1112 2634 1312 2742 religionis

161 2745 662 2827 ardidimicommunione
677 2749 845 2840 Fratres,
859 2749 921 2827 vel
939 2748 1069 2856 potius
1082 2774 1211 2826 unum
1228 2775 1312 2826 cor·

161 2885 249 2967 pus,
271 2887 364 2939 cum
384 2856 446 2939 his
466 2860 616 2940 miseris
635 2887 703 2939 vos
719 2861 864 2968 pariter
878 2858 1082 2939 nobiscum
1095 2858 1190 2953 fitis,
1207 2860 1312 2966 cujus

162 2972 391 3051 membrum
430 2973 587 3054 nullum
622 2969 747 3078 affligi
783 2973 860 3050 fine
892 2970 1014 3065 sensu,
1049 2970 1127 3050 fine
1162 2973 1312 3063 dolore,

164 3082 242 3162 fine
274 3085 512 3164 detrimento
544 3105 661 3192 arque
693 3083 871 3192 periculo
898 3085 1142 3191 reliquorum
1171 3083 1313 3192 potest,

162 3193 413 3276 scribendum
436 3198 485 3276 ad
512 3226 580 3276 vos
603 3194 677 3275 hac
701 3196 749 3275 de
775 3224 816 3275 re
839 3213 879 3274 et
903 3195 1202 3304 significandum
1221 3224 1313 3275 cen-

163 3306 309 3386 suimus
329 3310 467 3415 quanti
487 3309 662 3388 nostrum
676 3309 859 3387 omniurn
872 3307 1049 3387 interesse
1063 3306 1313 3401 arbitremur,

163 3436 208 3496 ut
227 3420 380 3498 Fratres
402 3419 549 3500 nostros
568 3421 709 3527 ejectos
729 3440 845 3529 atque
866 3421 1002 3530 inopes
1017 3423 1226 3530 communi
1240 3448 1313 3528 ope

163 3547 279 3636 atque
300 3531 462 3625 auxilio,
482 3533 612 3640 quoad
635 3532 720 3612 fieri
744 3533 883 3641 potest,
901 3533 1086 3639 juvemus
1110 3552 1151 3612 et
1176 3532 1314 3612 conso·

162 3640 314 3737 lemur;
356 3671 429 3724 nec
457 3672 596 3724 eorum
628 3647 902 3725 tantummodo
934 3644 1047 3725 malis
1077 3663 1118 3726 et
1149 3644 1313 3723 miseriis

163 3756 424 3851 removendis,
437 3760 708 3838 verumetiam
723 3759 871 3866 nequid
884 3757 1008 3866 serpat
1019 3756 1149 3850 latius,
1167 3757 1315 3864 nequid

161 3869 327 3975 periculi
361 3870 547 3979 exemplo
575 3890 691 3977 atque
721 3890 865 3950 eventu
892 3870 953 3949 vel
986 3868 1097 3947 nobis
1129 3869 1316 3949 omnibus

161 3981 282 4057 creari
303 3982 430 4087 poffit,
452 3981 605 4061 mature
626 3980 919 4091 prospiciamus.
961 3982 1113 4059 Literas
1129 4008 1207 4060 non
1225 3983 1315 4089 qui·

162 4089 254 4168 dem
275 4091 323 4170 ad
345 4092 544 4172 Sabuudiae
563 4094 710 4173 Ducem
731 4094 962 4203 scripfimus,
983 4091 1127 4200 quibus
1147 4095 1316 4174 uticum

163 4200 336 4283 Subditis
351 4202 424 4283 suis
441 4204 669 4284 fidelisfimis
686 4235 755 4315 pro
768 4206 979 4286 clementia
991 4204 1056 4284 sud
1067 4205 1193 4285 lenius
1210 4224 1314 4314 agat,

162 4316 303 4422 eosque
317 4315 402 4419 jam
422 4344 545 4426 prope
565 4318 736 4426 perditos
756 4317 828 4399 suis
849 4318 1002 4399 sedibus
1016 4346 1060 4397 ac
1076 4315 1188 4397 bonis
1204 4319 1316 4398 resti-

163 4443 259 4519 tuar,
274 4426 527 4509 vehementer
547 4431 772 4539 petivimus.
820 4434 873 4512 Et
893 4431 954 4513 his
974 4432 1139 4542 quidem
1159 4431 1314 4524 nostris,
