2956 4980
155 228 206 309 88
564 215 692 310 Artis
717 215 902 344 Logicae
1098 208 1209 309 Lib.
1234 252 1271 310 r.

216 390 281 468 Sic
302 387 384 469 Cic.
410 388 517 497 Offic.
545 417 578 470 1.
600 390 802 470 Virtutem
821 386 963 468 dividit
986 388 1028 467 in
1046 385 1193 497 species
1210 413 1311 495 qua-

162 522 264 595 tuor,
279 501 544 610 prudentiam,
554 501 762 606 justitiam,
777 498 1067 592 fortitudinem,
1083 517 1311 606 temperan-

161 615 257 694 tiam
270 643 282 706 ;
306 640 393 721 quae
405 634 536 694 tamen
552 613 640 723 ipsse
655 642 733 693 non
745 629 947 722 ponuntur
960 614 1001 691 in
1016 609 1310 703 distributione,

160 725 239 819 sed,
259 726 367 833 quod
388 727 495 806 idem
511 727 581 821 est,
598 755 736 807 earum
750 723 900 805 sormae.
937 723 1012 805 Sed
1023 751 1123 805 omne
1137 721 1237 832 quod
1246 723 1312 802 ho·

160 838 295 946 nestum
313 838 375 945 est,
399 837 441 918 id
459 857 620 947 quatuor
638 838 809 948 partium
834 836 960 916 oritur
981 866 1027 917 ex
1049 834 1207 944 aliqua:
1243 852 1314 914 aut

161 950 315 1031 enimin
335 950 588 1059 perspicentia
609 947 934 1057 verisolertidque
960 946 1154 1056 versatur,
1178 964 1251 1027 aut
1275 947 1314 1028 in

147 1063 328 1168 societate
346 1062 527 1143 hominurn
540 1062 692 1157 tuenda,
706 1060 1086 1170 tribuendiquesuum
1100 1058 1313 1169 unicuique,

161 1192 198 1253 et
211 1201 335 1253 rerum
355 1178 633 1255 contratiarum
639 1173 750 1282 fidu
779 1191 849 1255 aut
867 1174 906 1253 in
925 1172 1044 1257 animi
1053 1171 1186 1278 excelst
1199 1190 1316 1281 atque

161 1285 298 1367 invini
304 1287 556 1393 magnitudine
569 1316 616 1367 ac
626 1287 772 1379 robore;
792 1303 862 1366 aut
876 1284 1089 1366 inmunibus
1101 1282 1313 1393 quaefiunt,

162 1425 313 1507 quaque
335 1396 528 1494 dicuntur,
547 1399 672 1480 ordine
694 1417 731 1480 et
753 1397 866 1491 modo,
883 1396 922 1480 in
945 1426 1013 1509 quo
1038 1395 1125 1505 inest
1145 1394 1315 1506 modestia

161 1528 197 1589 et
215 1512 475 1618 temperantia.

219 1622 317 1700 Haec
336 1624 515 1729 quidem,
536 1640 581 1701 ut
599 1621 699 1713 dixi,
715 1619 772 1699 est
789 1618 995 1729 dssributio
1009 1619 1157 1726 generes
1175 1620 1218 1699 in
1220 1618 1314 1729 spe—

162 1731 484 1840 ciernmformas:
514 1762 601 1841 quae
620 1732 781 1842 perinde
800 1731 858 1811 est
876 1760 921 1812 ac
942 1732 970 1810 fi
995 1732 1038 1809 in
1061 1729 1142 1840 ipsa
1167 1730 1313 1840 species

161 1843 278 1938 esset3
310 1846 538 1955 quiaforma
556 1875 638 1926 curn
652 1872 786 1952 genere
805 1843 1027 1951 constituunt
1031 1842 1129 1948 setas
1132 1842 1294 1953 species.

220 1958 345 2037 Genus
363 1957 547 2068 etspecies
558 1956 751 2064 nonsolum
764 1960 987 2038 tradantur
1002 1955 1252 2066 bacstmplici
1259 1955 1311 2037 di·

161 2065 308 2172 viſsonis
312 2070 500 2179 formula,
502 2069 578 2176 ſsd
590 2069 701 2149 etiarn
706 2067 917 2178 stparatim
935 2068 1097 2148 alterum
1114 2096 1162 2148 ex
1179 2068 1310 2149 altero.

218 2182 313 2261 Hoc
328 2181 397 2277 est,
413 2185 522 2291 quod
536 2183 585 2261 de
601 2199 685 2261 toto
700 2208 858 2289 genere,
872 2182 913 2261 id
927 2179 977 2261 de
992 2177 1179 2261 omnibus
1190 2180 1311 2261 etiam

160 2290 361 2400 speciebus
387 2293 490 2374 reete
511 2294 741 2375 affirmatur.
791 2293 856 2374 Sic
881 2292 1026 2386 Cr'cero,
1049 2319 1122 2401 pro
1146 2292 1310 2395 Archia,

161 2406 359 2511 poe'ticam
379 2433 472 2485 cum
492 2406 718 2513 eloquentia
739 2431 984 2516 comparans,
1004 2431 1091 2513 quae
1113 2401 1204 2483 sunt
1227 2402 1311 2515 spe-

161 2519 240 2594 cies
260 2519 366 2611 artis,
383 2537 566 2626 cognatas
587 2517 661 2597 esse
677 2518 732 2597 ait
751 2518 852 2598 inter
871 2515 923 2611 se,
943 2517 1037 2625 quia
1056 2515 1165 2595 idem
1183 2514 1235 2596 de
1252 2544 1311 2597 ar·

162 2624 267 2706 tibus
286 2629 326 2705 in
348 2654 506 2735 genere,
523 2627 821 2710 humanioribus
841 2628 1066 2738 praesertim,
1080 2626 1309 2727 affirmatur.

164 2739 314 2819 Etenim
342 2769 458 2820 omnes
485 2759 601 2836 artes,
630 2770 713 2850 quae
740 2741 794 2824 ad
816 2739 1082 2821 humanitatem
1103 2741 1310 2847 pertinent,

161 2848 298 2931 habent
316 2851 491 2961 quoddam
511 2882 692 2934 commune
710 2853 916 2948 vinculum,
935 2872 973 2933 et
986 2852 1092 2962 quast
1101 2853 1313 2960 cognatione

160 2963 318 3072 quadarn
338 2964 437 3045 inter
442 2965 490 3070 se
508 2965 758 3047 continentur.

220 3078 365 3157 Contra
378 3106 497 3185 genus
514 3081 713 3159 tratiatur
723 3095 797 3187 per
801 3076 958 3185 species.

219 3189 313 3269 Hoc
329 3188 399 3283 est,
416 3189 524 3298 quod
538 3190 587 3270 de
603 3191 788 3270 omnibus
808 3188 1023 3298 speciebus,
1043 3186 1085 3267 id
1099 3186 1150 3268 de
1169 3214 1313 3297 genere

157 3326 321 3407 quoque
342 3300 445 3380 recte
463 3302 692 3383 affirmatur.
745 3303 809 3381 Sic
832 3299 992 3381 Ouidius
1010 3298 1166 3411 probat,
1185 3302 1311 3381 virtu-

163 3429 246 3490 tem
266 3414 306 3491 in
323 3412 437 3493 rebus
449 3414 612 3494 adversrs
625 3414 832 3495 clariorem
848 3411 938 3506 esse,
954 3440 1025 3523 per
1041 3411 1315 3494 inductionem

162 3520 405 3630 specierum:
448 3526 640 3635 quoniam
663 3526 811 3606 scilicet
834 3518 957 3604 virtu's
987 3524 1142 3618 militis,
1172 3545 1314 3619 nautae,

162 3636 321 3729 medici,
343 3637 457 3718 rebus
477 3638 641 3720 adverfis
661 3638 866 3748 speciatur.
885 3662 913 3739 4
935 3632 1050 3746 Trist.

219 3853 387 3932 Hebiora
406 3851 486 3961 quis
505 3852 627 3962 noffi’t,
634 3851 741 3960 felix
744 3852 789 3956 st
810 3849 1096 3960 Troiafufffet?

218 3963 380 4043 Publica
398 3964 544 4044 virtuti
552 3980 626 4072 per
643 3963 868 4071 malasaiia
886 3960 954 4043 ura
972 3961 1022 4070 est
1032 3993 1048 4042 .·

219 4077 303 4154 Ars
320 4093 391 4155 tua
409 4074 549 4184 Tiphy
556 4076 679 4183 jacet,
686 4076 731 4180 st
745 4105 815 4155 non
820 4075 880 4181 fit
899 4074 938 4154 in
956 4103 1102 4184 aequore
1106 4072 1286 4182 stubius:

219 4185 267 4265 Si
280 4186 434 4266 valeant
453 4188 621 4282 homines,
641 4216 707 4266 ars
726 4206 808 4280 tua,
831 4184 994 4281 Phoebe,
1003 4186 1126 4292 jacet.

216 4300 312 4403 Qua
332 4299 439 4392 latet,
461 4299 568 4408 inque
586 4298 687 4378 bonis
705 4299 814 4408 cefflzt
833 4328 903 4379 non
922 4300 1071 4406 cognita
1088 4296 1216 4391 rebus,

214 4414 390 4519 Apparet
408 4411 537 4491 virtus
554 4410 803 4521 arguitirque
821 4411 941 4492 malis.
