<?xml version="1.0" encoding="UTF-8"?>
<!DOCTYPE html PUBLIC "-//W3C//DTD XHTML 1.0 Transitional//EN"
    "http://www.w3.org/TR/xhtml1/DTD/xhtml1-transitional.dtd">
<html xmlns="http://www.w3.org/1999/xhtml" xml:lang="en" lang="en">
 <head>
  <title>
</title>
<meta http-equiv="Content-Type" content="text/html;charset=utf-8" />
  <meta name='ocr-system' content='tesseract 3.04.00' />
  <meta name='ocr-capabilities' content='ocr_page ocr_carea ocr_par ocr_line ocrx_word'/>
</head>
<body>
  <div class='ocr_page' id='page_1' title='image "./worksjohnmilton06miltgoog_0232.png"; bbox 0 0 2956 4980; ppageno 0'>
   <div class='ocr_carea' id='block_1_1' title="bbox 406 94 1412 241">
    <p class='ocr_par' dir='ltr' id='par_1_1' title="bbox 406 94 1412 241">
     <span class='ocr_line' id='line_1_1' title="bbox 406 94 1412 241; baseline 0.006 -37"><span class='ocrx_word' id='word_1_1' title='bbox 406 112 567 206; x_wconf 87' lang='lat' dir='ltr'>Literae</span> <span class='ocrx_word' id='word_1_2' title='bbox 594 116 787 206; x_wconf 84' lang='lat' dir='ltr'>Senatus</span> <span class='ocrx_word' id='word_1_3' title='bbox 815 109 1085 241; x_wconf 81' lang='lat' dir='ltr'>Anglicani.</span> <span class='ocrx_word' id='word_1_4' title='bbox 1248 152 1327 234; x_wconf 85' lang='lat'>217</span> <span class='ocrx_word' id='word_1_5' title='bbox 1408 94 1412 102; x_wconf 37' lang='lat'><strong>⁴</strong></span> 
     </span>
    </p>
   </div>
   <div class='ocr_carea' id='block_1_2' title="bbox 168 284 1462 395">
    <p class='ocr_par' dir='ltr' id='par_1_2' title="bbox 168 284 1462 395">
     <span class='ocr_line' id='line_1_2' title="bbox 168 284 1462 395; baseline 0.002 -33"><span class='ocrx_word' id='word_1_6' title='bbox 168 284 258 362; x_wconf 92' lang='lat' dir='ltr'>doli</span> <span class='ocrx_word' id='word_1_7' title='bbox 290 286 329 362; x_wconf 94' lang='lat' dir='ltr'>in</span> <span class='ocrx_word' id='word_1_8' title='bbox 367 284 466 364; x_wconf 93' lang='lat' dir='ltr'>illud</span> <span class='ocrx_word' id='word_1_9' title='bbox 496 313 620 393; x_wconf 90' lang='lat' dir='ltr'>genus</span> <span class='ocrx_word' id='word_1_10' title='bbox 655 286 895 395; x_wconf 87' lang='lat' dir='ltr'>probationis</span> <span class='ocrx_word' id='word_1_11' title='bbox 928 288 1112 394; x_wconf 88' lang='lat' dir='ltr'>irrepere,</span> <span class='ocrx_word' id='word_1_12' title='bbox 1144 286 1250 393; x_wconf 90' lang='lat' dir='ltr'>quod</span> <span class='ocrx_word' id='word_1_13' title='bbox 1287 312 1335 364; x_wconf 90' lang='lat' dir='ltr'>ne</span> <span class='ocrx_word' id='word_1_14' title='bbox 1452 287 1462 306; x_wconf 82' lang='grc'>’</span> 
     </span>
    </p>
   </div>
   <div class='ocr_carea' id='block_1_3' title="bbox 155 397 1391 3535">
    <p class='ocr_par' dir='ltr' id='par_1_3' title="bbox 155 397 1391 2074">
     <span class='ocr_line' id='line_1_3' title="bbox 160 397 1333 508; baseline 0.002 -35"><span class='ocrx_word' id='word_1_15' title='bbox 160 397 330 475; x_wconf 86' lang='lat' dir='ltr'>eveniat</span> <span class='ocrx_word' id='word_1_16' title='bbox 363 397 562 506; x_wconf 88' lang='lat' dir='ltr'>utriusque</span> <span class='ocrx_word' id='word_1_17' title='bbox 595 400 714 508; x_wconf 86' lang='lat' dir='ltr'>partis</span> <span class='ocrx_word' id='word_1_18' title='bbox 750 397 908 477; x_wconf 90' lang='lat' dir='ltr'>interest</span> <span class='ocrx_word' id='word_1_19' title='bbox 942 397 1161 506; x_wconf 88' lang='lat' dir='ltr'>providere.</span> <span class='ocrx_word' id='word_1_20' title='bbox 1223 398 1333 477; x_wconf 90' lang='lat' dir='ltr'>Con-</span> 
     </span>
     <span class='ocr_line' id='line_1_4' title="bbox 160 507 1336 616; baseline 0.003 -31"><span class='ocrx_word' id='word_1_21' title='bbox 160 507 317 586; x_wconf 89' lang='lat' dir='ltr'>cilium</span> <span class='ocrx_word' id='word_1_22' title='bbox 339 510 461 588; x_wconf 90' lang='lat' dir='ltr'>etiam</span> <span class='ocrx_word' id='word_1_23' title='bbox 481 537 638 616; x_wconf 84' lang='lat' dir='ltr'>aequum</span> <span class='ocrx_word' id='word_1_24' title='bbox 662 509 737 588; x_wconf 85' lang='lat' dir='ltr'>esse</span> <span class='ocrx_word' id='word_1_25' title='bbox 764 510 986 603; x_wconf 86' lang='lat' dir='ltr'>arbitratur,</span> <span class='ocrx_word' id='word_1_26' title='bbox 1006 508 1161 589; x_wconf 89' lang='lat' dir='ltr'>definiri</span> <span class='ocrx_word' id='word_1_27' title='bbox 1181 529 1336 588; x_wconf 90' lang='lat' dir='ltr'>certum</span> 
     </span>
     <span class='ocr_line' id='line_1_5' title="bbox 161 622 1336 730; baseline 0.003 -33"><span class='ocrx_word' id='word_1_28' title='bbox 161 637 338 728; x_wconf 83' lang='lat' dir='ltr'>tempus</span> <span class='ocrx_word' id='word_1_29' title='bbox 357 639 446 701; x_wconf 87' lang='lat' dir='ltr'>ante</span> <span class='ocrx_word' id='word_1_30' title='bbox 466 623 573 728; x_wconf 94' lang='lat' dir='ltr'>quod</span> <span class='ocrx_word' id='word_1_31' title='bbox 600 641 757 730; x_wconf 91' lang='lat' dir='ltr'>tempus</span> <span class='ocrx_word' id='word_1_32' title='bbox 784 622 853 729; x_wconf 94' lang='lat' dir='ltr'>qui</span> <span class='ocrx_word' id='word_1_33' title='bbox 875 622 1025 727; x_wconf 90' lang='lat' dir='ltr'>justum</span> <span class='ocrx_word' id='word_1_34' title='bbox 1046 649 1183 701; x_wconf 89' lang='lat' dir='ltr'>earum</span> <span class='ocrx_word' id='word_1_35' title='bbox 1204 648 1336 700; x_wconf 89' lang='lat' dir='ltr'>rerum</span> 
     </span>
     <span class='ocr_line' id='line_1_6' title="bbox 156 728 1337 842; baseline 0.002 -33"><span class='ocrx_word' id='word_1_36' title='bbox 156 728 392 811; x_wconf 89' lang='lat' dir='ltr'>dominum</span> <span class='ocrx_word' id='word_1_37' title='bbox 412 731 449 812; x_wconf 89' lang='lat' dir='ltr'>se</span> <span class='ocrx_word' id='word_1_38' title='bbox 470 732 543 813; x_wconf 85' lang='lat' dir='ltr'>esse</span> <span class='ocrx_word' id='word_1_39' title='bbox 572 761 650 813; x_wconf 93' lang='lat' dir='ltr'>non</span> <span class='ocrx_word' id='word_1_40' title='bbox 677 733 915 842; x_wconf 89' lang='lat' dir='ltr'>probaverit,</span> <span class='ocrx_word' id='word_1_41' title='bbox 934 733 1167 813; x_wconf 90' lang='lat' dir='ltr'>excludetur</span> <span class='ocrx_word' id='word_1_42' title='bbox 1186 732 1235 811; x_wconf 91' lang='lat' dir='ltr'>ad</span> <span class='ocrx_word' id='word_1_43' title='bbox 1254 733 1337 812; x_wconf 89' lang='lat' dir='ltr'>evi-</span> 
     </span>
     <span class='ocr_line' id='line_1_7' title="bbox 161 844 1337 952; baseline 0.006 -35"><span class='ocrx_word' id='word_1_44' title='bbox 161 844 313 923; x_wconf 84' lang='lat' dir='ltr'>tandas</span> <span class='ocrx_word' id='word_1_45' title='bbox 341 844 419 923; x_wconf 87' lang='lat' dir='ltr'>fine</span> <span class='ocrx_word' id='word_1_46' title='bbox 448 844 524 925; x_wconf 89' lang='lat' dir='ltr'>fine</span> <span class='ocrx_word' id='word_1_47' title='bbox 551 845 651 926; x_wconf 89' lang='lat' dir='ltr'>lites.</span> <span class='ocrx_word' id='word_1_48' title='bbox 713 845 836 952; x_wconf 85' lang='lat' dir='ltr'>Qrod</span> <span class='ocrx_word' id='word_1_49' title='bbox 863 864 996 927; x_wconf 90' lang='lat' dir='ltr'>autem</span> <span class='ocrx_word' id='word_1_50' title='bbox 1015 847 1063 925; x_wconf 92' lang='lat' dir='ltr'>ad</span> <span class='ocrx_word' id='word_1_51' title='bbox 1084 844 1250 924; x_wconf 91' lang='lat' dir='ltr'>modum</span> <span class='ocrx_word' id='word_1_52' title='bbox 1271 873 1337 924; x_wconf 93' lang='lat' dir='ltr'>ve·</span> 
     </span>
     <span class='ocr_line' id='line_1_8' title="bbox 159 955 1337 1065; baseline 0.004 -34"><span class='ocrx_word' id='word_1_53' title='bbox 159 955 379 1034; x_wconf 86' lang='lat' dir='ltr'>nundandi</span> <span class='ocrx_word' id='word_1_54' title='bbox 412 985 457 1035; x_wconf 92' lang='lat' dir='ltr'>ea</span> <span class='ocrx_word' id='word_1_55' title='bbox 495 958 597 1036; x_wconf 89' lang='lat' dir='ltr'>bona</span> <span class='ocrx_word' id='word_1_56' title='bbox 629 985 716 1065; x_wconf 87' lang='lat' dir='ltr'>quae</span> <span class='ocrx_word' id='word_1_57' title='bbox 750 958 870 1064; x_wconf 73' lang='lat' dir='ltr'>ejecta</span> <span class='ocrx_word' id='word_1_58' title='bbox 904 958 945 1035; x_wconf 94' lang='lat' dir='ltr'>in</span> <span class='ocrx_word' id='word_1_59' title='bbox 981 956 1186 1064; x_wconf 86' lang='lat' dir='ltr'>naufragio</span> <span class='ocrx_word' id='word_1_60' title='bbox 1221 955 1337 1037; x_wconf 88' lang='lat' dir='ltr'>facile</span> 
     </span>
     <span class='ocr_line' id='line_1_9' title="bbox 155 1068 1336 1177; baseline 0.001 -30"><span class='ocrx_word' id='word_1_61' title='bbox 155 1088 499 1176; x_wconf 78' lang='lat' dir='ltr'>corrumpuntur,</span> <span class='ocrx_word' id='word_1_62' title='bbox 519 1069 643 1149; x_wconf 90' lang='lat' dir='ltr'>visum</span> <span class='ocrx_word' id='word_1_63' title='bbox 664 1069 720 1148; x_wconf 89' lang='lat' dir='ltr'>est</span> <span class='ocrx_word' id='word_1_64' title='bbox 739 1070 923 1149; x_wconf 89' lang='lat' dir='ltr'>Concilio</span> <span class='ocrx_word' id='word_1_65' title='bbox 943 1097 1038 1149; x_wconf 91' lang='lat' dir='ltr'>eum</span> <span class='ocrx_word' id='word_1_66' title='bbox 1058 1068 1224 1149; x_wconf 90' lang='lat' dir='ltr'>modum</span> <span class='ocrx_word' id='word_1_67' title='bbox 1244 1097 1336 1177; x_wconf 89' lang='lat' dir='ltr'>pro-</span> 
     </span>
     <span class='ocr_line' id='line_1_10' title="bbox 160 1181 1391 1288; baseline 0.002 -30"><span class='ocrx_word' id='word_1_68' title='bbox 160 1200 326 1282; x_wconf 85' lang='lat' dir='ltr'>ponere</span> <span class='ocrx_word' id='word_1_69' title='bbox 351 1181 421 1288; x_wconf 93' lang='lat' dir='ltr'>qui</span> <span class='ocrx_word' id='word_1_70' title='bbox 455 1182 503 1261; x_wconf 95' lang='lat' dir='ltr'>ad</span> <span class='ocrx_word' id='word_1_71' title='bbox 537 1182 736 1260; x_wconf 90' lang='lat' dir='ltr'>lucernam</span> <span class='ocrx_word' id='word_1_72' title='bbox 769 1183 926 1274; x_wconf 87' lang='lat' dir='ltr'>dicitur,</span> <span class='ocrx_word' id='word_1_73' title='bbox 956 1184 1096 1288; x_wconf 90' lang='lat' dir='ltr'>utqui</span> <span class='ocrx_word' id='word_1_74' title='bbox 1128 1182 1172 1260; x_wconf 85' lang='lat' dir='ltr'>fit</span> <span class='ocrx_word' id='word_1_75' title='bbox 1197 1181 1337 1260; x_wconf 92' lang='lat' dir='ltr'>modus</span> <span class='ocrx_word' id='word_1_76' title='bbox 1386 1228 1391 1238; x_wconf 92' lang='lat'><strong>·</strong></span> 
     </span>
     <span class='ocr_line' id='line_1_11' title="bbox 162 1289 1338 1402; baseline -0.001 -31"><span class='ocrx_word' id='word_1_77' title='bbox 162 1289 358 1372; x_wconf 69' lang='lat' dir='ltr'>maxime</span> <span class='ocrx_word' id='word_1_78' title='bbox 371 1293 584 1402; x_wconf 90' lang='lat' dir='ltr'>probabilis</span> <span class='ocrx_word' id='word_1_79' title='bbox 597 1322 735 1372; x_wconf 89' lang='lat' dir='ltr'>verum</span> <span class='ocrx_word' id='word_1_80' title='bbox 755 1294 950 1373; x_wconf 91' lang='lat' dir='ltr'>bonorum</span> <span class='ocrx_word' id='word_1_81' title='bbox 965 1296 1137 1402; x_wconf 91' lang='lat' dir='ltr'>pretium</span> <span class='ocrx_word' id='word_1_82' title='bbox 1154 1292 1338 1371; x_wconf 87' lang='lat' dir='ltr'>eliciendi</span> 
     </span>
     <span class='ocr_line' id='line_1_12' title="bbox 162 1404 1339 1512; baseline 0 -30"><span class='ocrx_word' id='word_1_83' title='bbox 162 1404 232 1482; x_wconf 75' lang='lat' dir='ltr'>ad</span> <span class='ocrx_word' id='word_1_84' title='bbox 264 1404 520 1485; x_wconf 89' lang='lat' dir='ltr'>dominorum</span> <span class='ocrx_word' id='word_1_85' title='bbox 553 1406 894 1498; x_wconf 90' lang='lat' dir='ltr'>emolumentum;</span> <span class='ocrx_word' id='word_1_86' title='bbox 941 1423 1071 1484; x_wconf 89' lang='lat' dir='ltr'>tamen</span> <span class='ocrx_word' id='word_1_87' title='bbox 1106 1405 1133 1483; x_wconf 86' lang='lat' dir='ltr'>fi</span> <span class='ocrx_word' id='word_1_88' title='bbox 1166 1404 1339 1512; x_wconf 77' lang='lat' dir='ltr'>praedieti</span> 
     </span>
     <span class='ocr_line' id='line_1_13' title="bbox 168 1509 1339 1624; baseline 0.002 -30"><span class='ocrx_word' id='word_1_89' title='bbox 168 1509 354 1596; x_wconf 84' lang='lat' dir='ltr'>Domini</span> <span class='ocrx_word' id='word_1_90' title='bbox 374 1519 516 1624; x_wconf 87' lang='lat' dir='ltr'>Legati</span> <span class='ocrx_word' id='word_1_91' title='bbox 543 1518 743 1597; x_wconf 89' lang='lat' dir='ltr'>inventam</span> <span class='ocrx_word' id='word_1_92' title='bbox 770 1517 888 1597; x_wconf 89' lang='lat' dir='ltr'>aliam</span> <span class='ocrx_word' id='word_1_93' title='bbox 917 1518 1108 1597; x_wconf 90' lang='lat' dir='ltr'>rationem</span> <span class='ocrx_word' id='word_1_94' title='bbox 1137 1517 1339 1596; x_wconf 83' lang='lat' dir='ltr'>attulerint</span> 
     </span>
     <span class='ocr_line' id='line_1_14' title="bbox 164 1626 1338 1738; baseline -0.002 -30"><span class='ocrx_word' id='word_1_95' title='bbox 164 1653 269 1736; x_wconf 80' lang='lat' dir='ltr'>quae</span> <span class='ocrx_word' id='word_1_96' title='bbox 292 1626 387 1709; x_wconf 91' lang='lat' dir='ltr'>huic</span> <span class='ocrx_word' id='word_1_97' title='bbox 414 1628 484 1708; x_wconf 90' lang='lat' dir='ltr'>fini</span> <span class='ocrx_word' id='word_1_98' title='bbox 513 1631 639 1738; x_wconf 89' lang='lat' dir='ltr'>magis</span> <span class='ocrx_word' id='word_1_99' title='bbox 665 1630 883 1709; x_wconf 89' lang='lat' dir='ltr'>conducere</span> <span class='ocrx_word' id='word_1_100' title='bbox 906 1629 1117 1721; x_wconf 90' lang='lat' dir='ltr'>videbitur,</span> <span class='ocrx_word' id='word_1_101' title='bbox 1139 1656 1209 1736; x_wconf 88' lang='lat' dir='ltr'>per</span> <span class='ocrx_word' id='word_1_102' title='bbox 1229 1629 1338 1708; x_wconf 91' lang='lat' dir='ltr'>Con·</span> 
     </span>
     <span class='ocr_line' id='line_1_15' title="bbox 165 1741 1335 1850; baseline 0 -30"><span class='ocrx_word' id='word_1_103' title='bbox 165 1741 323 1820; x_wconf 76' lang='lat' dir='ltr'>cilium</span> <span class='ocrx_word' id='word_1_104' title='bbox 337 1768 417 1821; x_wconf 91' lang='lat' dir='ltr'>non</span> <span class='ocrx_word' id='word_1_105' title='bbox 434 1741 547 1821; x_wconf 89' lang='lat' dir='ltr'>stabit</span> <span class='ocrx_word' id='word_1_106' title='bbox 562 1769 643 1850; x_wconf 90' lang='lat' dir='ltr'>quo</span> <span class='ocrx_word' id='word_1_107' title='bbox 659 1744 789 1821; x_wconf 88' lang='lat' dir='ltr'>minus</span> <span class='ocrx_word' id='word_1_108' title='bbox 807 1743 846 1820; x_wconf 93' lang='lat' dir='ltr'>id</span> <span class='ocrx_word' id='word_1_109' title='bbox 860 1742 928 1820; x_wconf 90' lang='lat' dir='ltr'>fiat</span> <span class='ocrx_word' id='word_1_110' title='bbox 941 1741 1050 1849; x_wconf 93' lang='lat' dir='ltr'>quod</span> <span class='ocrx_word' id='word_1_111' title='bbox 1063 1768 1221 1848; x_wconf 88' lang='lat' dir='ltr'>aequum</span> <span class='ocrx_word' id='word_1_112' title='bbox 1236 1741 1335 1821; x_wconf 83' lang='lat' dir='ltr'>erit:</span> 
     </span>
     <span class='ocr_line' id='line_1_16' title="bbox 173 1852 1339 1963; baseline 0.002 -33"><span class='ocrx_word' id='word_1_113' title='bbox 173 1880 313 1962; x_wconf 76' lang='lat' dir='ltr'>neque</span> <span class='ocrx_word' id='word_1_114' title='bbox 329 1853 565 1963; x_wconf 86' lang='lat' dir='ltr'>intelligitur</span> <span class='ocrx_word' id='word_1_115' title='bbox 584 1855 635 1932; x_wconf 95' lang='lat' dir='ltr'>ob</span> <span class='ocrx_word' id='word_1_116' title='bbox 656 1853 756 1933; x_wconf 89' lang='lat' dir='ltr'>hanc</span> <span class='ocrx_word' id='word_1_117' title='bbox 777 1883 861 1933; x_wconf 93' lang='lat' dir='ltr'>rem</span> <span class='ocrx_word' id='word_1_118' title='bbox 882 1852 976 1933; x_wconf 93' lang='lat' dir='ltr'>huic</span> <span class='ocrx_word' id='word_1_119' title='bbox 989 1853 1233 1933; x_wconf 74' lang='lat' dir='ltr'>Tractationi</span> <span class='ocrx_word' id='word_1_120' title='bbox 1250 1879 1339 1932; x_wconf 92' lang='lat' dir='ltr'>mo·</span> 
     </span>
     <span class='ocr_line' id='line_1_17' title="bbox 173 1964 993 2074; baseline -0.004 -30"><span class='ocrx_word' id='word_1_121' title='bbox 173 1992 269 2044; x_wconf 83' lang='lat' dir='ltr'>ram</span> <span class='ocrx_word' id='word_1_122' title='bbox 289 1964 477 2044; x_wconf 86' lang='lat' dir='ltr'>afferendi</span> <span class='ocrx_word' id='word_1_123' title='bbox 496 1967 645 2046; x_wconf 83' lang='lat' dir='ltr'>occasro</span> <span class='ocrx_word' id='word_1_124' title='bbox 665 1967 746 2045; x_wconf 92' lang='lat' dir='ltr'>ulla</span> <span class='ocrx_word' id='word_1_125' title='bbox 766 1966 993 2074; x_wconf 87' lang='lat' dir='ltr'>praebeatur.</span> 
     </span>
    </p>

    <p class='ocr_par' dir='ltr' id='par_1_4' title="bbox 179 2077 1340 2634">
     <span class='ocr_line' id='line_1_18' title="bbox 240 2077 1339 2188; baseline 0.002 -33"><span class='ocrx_word' id='word_1_126' title='bbox 240 2078 364 2186; x_wconf 81' lang='lat' dir='ltr'>Qud</span> <span class='ocrx_word' id='word_1_127' title='bbox 383 2096 516 2157; x_wconf 89' lang='lat' dir='ltr'>autem</span> <span class='ocrx_word' id='word_1_128' title='bbox 536 2078 584 2157; x_wconf 92' lang='lat' dir='ltr'>ad</span> <span class='ocrx_word' id='word_1_129' title='bbox 600 2106 737 2157; x_wconf 90' lang='lat' dir='ltr'>eorum</span> <span class='ocrx_word' id='word_1_130' title='bbox 757 2078 995 2188; x_wconf 90' lang='lat' dir='ltr'>supplicium</span> <span class='ocrx_word' id='word_1_131' title='bbox 1010 2077 1079 2184; x_wconf 93' lang='lat' dir='ltr'>qui</span> <span class='ocrx_word' id='word_1_132' title='bbox 1092 2078 1339 2185; x_wconf 83' lang='lat' dir='ltr'>proposrtum</span> 
     </span>
     <span class='ocr_line' id='line_1_19' title="bbox 179 2187 1338 2297; baseline 0.001 -31"><span class='ocrx_word' id='word_1_133' title='bbox 179 2187 313 2269; x_wconf 85' lang='lat' dir='ltr'>soedus</span> <span class='ocrx_word' id='word_1_134' title='bbox 325 2190 515 2296; x_wconf 89' lang='lat' dir='ltr'>ruperint,</span> <span class='ocrx_word' id='word_1_135' title='bbox 527 2191 757 2270; x_wconf 90' lang='lat' dir='ltr'>Concilium</span> <span class='ocrx_word' id='word_1_136' title='bbox 771 2190 810 2269; x_wconf 93' lang='lat' dir='ltr'>id</span> <span class='ocrx_word' id='word_1_137' title='bbox 823 2189 1093 2297; x_wconf 86' lang='lat' dir='ltr'>adjecit‚cujus</span> <span class='ocrx_word' id='word_1_138' title='bbox 1107 2190 1147 2266; x_wconf 94' lang='lat' dir='ltr'>in</span> <span class='ocrx_word' id='word_1_139' title='bbox 1160 2189 1338 2296; x_wconf 90' lang='lat' dir='ltr'>responso</span> 
     </span>
     <span class='ocr_line' id='line_1_20' title="bbox 182 2299 1339 2410; baseline 0.002 -32"><span class='ocrx_word' id='word_1_140' title='bbox 182 2300 253 2380; x_wconf 94' lang='lat' dir='ltr'>suo</span> <span class='ocrx_word' id='word_1_141' title='bbox 280 2303 329 2382; x_wconf 91' lang='lat' dir='ltr'>ad</span> <span class='ocrx_word' id='word_1_142' title='bbox 361 2301 573 2382; x_wconf 87' lang='lat' dir='ltr'>articulum</span> <span class='ocrx_word' id='word_1_143' title='bbox 601 2323 787 2410; x_wconf 87' lang='lat' dir='ltr'>quartum</span> <span class='ocrx_word' id='word_1_144' title='bbox 812 2303 1014 2382; x_wconf 90' lang='lat' dir='ltr'>decimum</span> <span class='ocrx_word' id='word_1_145' title='bbox 1044 2299 1088 2379; x_wconf 87' lang='lat' dir='ltr'>fit</span> <span class='ocrx_word' id='word_1_146' title='bbox 1117 2302 1268 2379; x_wconf 91' lang='lat' dir='ltr'>mentio</span> <span class='ocrx_word' id='word_1_147' title='bbox 1291 2302 1339 2380; x_wconf 91' lang='lat' dir='ltr'>ad</span> 
     </span>
     <span class='ocr_line' id='line_1_21' title="bbox 187 2410 1340 2524; baseline 0 -32"><span class='ocrx_word' id='word_1_148' title='bbox 187 2414 379 2520; x_wconf 86' lang='lat' dir='ltr'>majorem</span> <span class='ocrx_word' id='word_1_149' title='bbox 398 2412 480 2519; x_wconf 90' lang='lat' dir='ltr'>ejus</span> <span class='ocrx_word' id='word_1_150' title='bbox 494 2414 650 2493; x_wconf 90' lang='lat' dir='ltr'>articuli</span> <span class='ocrx_word' id='word_1_151' title='bbox 670 2416 900 2507; x_wconf 87' lang='lat' dir='ltr'>efficaciam,</span> <span class='ocrx_word' id='word_1_152' title='bbox 918 2414 1126 2524; x_wconf 86' lang='lat' dir='ltr'>ipsumque</span> <span class='ocrx_word' id='word_1_153' title='bbox 1146 2410 1272 2493; x_wconf 89' lang='lat' dir='ltr'>foedus</span> <span class='ocrx_word' id='word_1_154' title='bbox 1291 2412 1340 2492; x_wconf 78' lang='lat' dir='ltr'>ed</span> 
     </span>
     <span class='ocr_line' id='line_1_22' title="bbox 190 2525 997 2634; baseline 0.001 -30"><span class='ocrx_word' id='word_1_155' title='bbox 190 2525 342 2607; x_wconf 89' lang='lat' dir='ltr'>firmius</span> <span class='ocrx_word' id='word_1_156' title='bbox 361 2543 478 2634; x_wconf 90' lang='lat' dir='ltr'>atque</span> <span class='ocrx_word' id='word_1_157' title='bbox 498 2526 721 2607; x_wconf 89' lang='lat' dir='ltr'>diuturnius</span> <span class='ocrx_word' id='word_1_158' title='bbox 741 2527 997 2606; x_wconf 88' lang='lat' dir='ltr'>reddendum.</span> 
     </span>
    </p>

    <p class='ocr_par' dir='ltr' id='par_1_5' title="bbox 175 2630 1343 3535">
     <span class='ocr_line' id='line_1_23' title="bbox 245 2630 1341 2747; baseline -0.001 -29"><span class='ocrx_word' id='word_1_159' title='bbox 245 2630 314 2719; x_wconf 79' lang='lat' dir='ltr'>Ad</span> <span class='ocrx_word' id='word_1_160' title='bbox 344 2637 557 2717; x_wconf 87' lang='lat' dir='ltr'>clausulam</span> <span class='ocrx_word' id='word_1_161' title='bbox 589 2639 760 2718; x_wconf 88' lang='lat' dir='ltr'>Articuli</span> <span class='ocrx_word' id='word_1_162' title='bbox 791 2641 920 2747; x_wconf 87' lang='lat' dir='ltr'>quarti</span> <span class='ocrx_word' id='word_1_163' title='bbox 944 2639 1091 2718; x_wconf 91' lang='lat' dir='ltr'>decimi</span> <span class='ocrx_word' id='word_1_164' title='bbox 1120 2656 1341 2718; x_wconf 86' lang='lat' dir='ltr'>extremam</span> 
     </span>
     <span class='ocr_line' id='line_1_24' title="bbox 175 2748 1335 2860; baseline 0.003 -33"><span class='ocrx_word' id='word_1_165' title='bbox 175 2751 292 2857; x_wconf 77' lang='lat' dir='ltr'>quod</span> <span class='ocrx_word' id='word_1_166' title='bbox 311 2751 451 2830; x_wconf 89' lang='lat' dir='ltr'>attinet</span> <span class='ocrx_word' id='word_1_167' title='bbox 471 2751 713 2857; x_wconf 89' lang='lat' dir='ltr'>respondere,</span> <span class='ocrx_word' id='word_1_168' title='bbox 735 2778 812 2830; x_wconf 93' lang='lat' dir='ltr'>non</span> <span class='ocrx_word' id='word_1_169' title='bbox 833 2751 1018 2860; x_wconf 87' lang='lat' dir='ltr'>expedire</span> <span class='ocrx_word' id='word_1_170' title='bbox 1038 2748 1239 2829; x_wconf 88' lang='lat' dir='ltr'>censemus</span> <span class='ocrx_word' id='word_1_171' title='bbox 1258 2751 1335 2830; x_wconf 93' lang='lat' dir='ltr'>illis</span> 
     </span>
     <span class='ocr_line' id='line_1_25' title="bbox 193 2860 1341 2971; baseline 0.002 -32"><span class='ocrx_word' id='word_1_172' title='bbox 193 2860 403 2943; x_wconf 85' lang='lat' dir='ltr'>soederibus</span> <span class='ocrx_word' id='word_1_173' title='bbox 427 2889 472 2941; x_wconf 91' lang='lat' dir='ltr'>ac</span> <span class='ocrx_word' id='word_1_174' title='bbox 502 2863 775 2957; x_wconf 90' lang='lat' dir='ltr'>Societatibus,</span> <span class='ocrx_word' id='word_1_175' title='bbox 800 2891 969 2970; x_wconf 92' lang='lat' dir='ltr'>quarum</span> <span class='ocrx_word' id='word_1_176' title='bbox 995 2865 1035 2941; x_wconf 92' lang='lat' dir='ltr'>in</span> <span class='ocrx_word' id='word_1_177' title='bbox 1064 2860 1254 2971; x_wconf 71' lang='lat' dir='ltr'>praedistis</span> <span class='ocrx_word' id='word_1_178' title='bbox 1279 2890 1341 2941; x_wconf 89' lang='lat' dir='ltr'>re-</span> 
     </span>
     <span class='ocr_line' id='line_1_26' title="bbox 192 2971 1341 3085; baseline 0.002 -33"><span class='ocrx_word' id='word_1_179' title='bbox 192 2973 333 3084; x_wconf 87' lang='lat' dir='ltr'>sponfis</span> <span class='ocrx_word' id='word_1_180' title='bbox 352 2973 453 3054; x_wconf 75' lang='lat' dir='ltr'>facta</span> <span class='ocrx_word' id='word_1_181' title='bbox 472 2974 528 3053; x_wconf 91' lang='lat' dir='ltr'>est</span> <span class='ocrx_word' id='word_1_182' title='bbox 548 2976 712 3068; x_wconf 92' lang='lat' dir='ltr'>menti0,</span> <span class='ocrx_word' id='word_1_183' title='bbox 734 3003 896 3085; x_wconf 87' lang='lat' dir='ltr'>quaeque</span> <span class='ocrx_word' id='word_1_184' title='bbox 917 2975 1133 3083; x_wconf 88' lang='lat' dir='ltr'>generatim</span> <span class='ocrx_word' id='word_1_185' title='bbox 1151 2971 1341 3054; x_wconf 84' lang='lat' dir='ltr'>duntaxat</span> 
     </span>
     <span class='ocr_line' id='line_1_27' title="bbox 192 3085 1341 3197; baseline -0.001 -31"><span class='ocrx_word' id='word_1_186' title='bbox 192 3106 465 3197; x_wconf 90' lang='lat' dir='ltr'>proponuntur</span> <span class='ocrx_word' id='word_1_187' title='bbox 488 3086 677 3166; x_wconf 74' lang='lat' dir='ltr'>assensum</span> <span class='ocrx_word' id='word_1_188' title='bbox 709 3088 884 3167; x_wconf 90' lang='lat' dir='ltr'>nostrum</span> <span class='ocrx_word' id='word_1_189' title='bbox 916 3085 1102 3166; x_wconf 87' lang='lat' dir='ltr'>exhibere</span> <span class='ocrx_word' id='word_1_190' title='bbox 1130 3101 1341 3193; x_wconf 88' lang='lat' dir='ltr'>antequam</span> 
     </span>
     <span class='ocr_line' id='line_1_28' title="bbox 192 3196 1341 3308; baseline -0.002 -28"><span class='ocrx_word' id='word_1_191' title='bbox 192 3201 323 3306; x_wconf 84' lang='lat' dir='ltr'>quales</span> <span class='ocrx_word' id='word_1_192' title='bbox 354 3199 428 3279; x_wconf 87' lang='lat' dir='ltr'>illae</span> <span class='ocrx_word' id='word_1_193' title='bbox 453 3199 539 3294; x_wconf 86' lang='lat' dir='ltr'>srnt,</span> <span class='ocrx_word' id='word_1_194' title='bbox 567 3200 807 3308; x_wconf 87' lang='lat' dir='ltr'>exploratius</span> <span class='ocrx_word' id='word_1_195' title='bbox 831 3200 943 3279; x_wconf 93' lang='lat' dir='ltr'>nobis</span> <span class='ocrx_word' id='word_1_196' title='bbox 968 3197 1100 3291; x_wconf 90' lang='lat' dir='ltr'>suerit,</span> <span class='ocrx_word' id='word_1_197' title='bbox 1125 3196 1174 3275; x_wconf 87' lang='lat' dir='ltr'>de</span> <span class='ocrx_word' id='word_1_198' title='bbox 1198 3198 1341 3306; x_wconf 92' lang='lat' dir='ltr'>quibus</span> 
     </span>
     <span class='ocr_line' id='line_1_29' title="bbox 194 3310 1343 3392; baseline 0.001 -2"><span class='ocrx_word' id='word_1_199' title='bbox 194 3339 285 3392; x_wconf 91' lang='lat' dir='ltr'>cum</span> <span class='ocrx_word' id='word_1_200' title='bbox 298 3311 555 3391; x_wconf 89' lang='lat' dir='ltr'>Excellentiis</span> <span class='ocrx_word' id='word_1_201' title='bbox 568 3312 716 3392; x_wconf 89' lang='lat' dir='ltr'>Vestris</span> <span class='ocrx_word' id='word_1_202' title='bbox 732 3312 856 3391; x_wconf 89' lang='lat' dir='ltr'>visum</span> <span class='ocrx_word' id='word_1_203' title='bbox 871 3313 944 3391; x_wconf 90' lang='lat' dir='ltr'>erit</span> <span class='ocrx_word' id='word_1_204' title='bbox 959 3310 1185 3390; x_wconf 90' lang='lat' dir='ltr'>Concilium</span> <span class='ocrx_word' id='word_1_205' title='bbox 1199 3312 1343 3391; x_wconf 89' lang='lat' dir='ltr'>certius</span> 
     </span>
     <span class='ocr_line' id='line_1_30' title="bbox 195 3421 1340 3535; baseline 0 -32"><span class='ocrx_word' id='word_1_206' title='bbox 195 3421 335 3519; x_wconf 84' lang='lat' dir='ltr'>facere,</span> <span class='ocrx_word' id='word_1_207' title='bbox 349 3424 574 3535; x_wconf 92' lang='lat' dir='ltr'>responsum</span> <span class='ocrx_word' id='word_1_208' title='bbox 591 3424 802 3533; x_wconf 86' lang='lat' dir='ltr'>expreffius</span> <span class='ocrx_word' id='word_1_209' title='bbox 819 3426 866 3503; x_wconf 91' lang='lat' dir='ltr'>ad</span> <span class='ocrx_word' id='word_1_210' title='bbox 883 3423 922 3501; x_wconf 91' lang='lat' dir='ltr'>id</span> <span class='ocrx_word' id='word_1_211' title='bbox 938 3423 1096 3502; x_wconf 89' lang='lat' dir='ltr'>reddere</span> <span class='ocrx_word' id='word_1_212' title='bbox 1110 3424 1340 3530; x_wconf 87' lang='lat' dir='ltr'>poterimus.</span> 
     </span>
    </p>
   </div>
   <div class='ocr_carea' id='block_1_4' title="bbox 195 3694 1343 3917">
    <p class='ocr_par' dir='ltr' id='par_1_6' title="bbox 195 3694 1343 3917">
     <span class='ocr_line' id='line_1_31' title="bbox 195 3694 1343 3806; baseline 0.003 -30"><span class='ocrx_word' id='word_1_213' title='bbox 195 3696 398 3806; x_wconf 87' lang='lat' dir='ltr'>Replicatio</span> <span class='ocrx_word' id='word_1_214' title='bbox 423 3698 597 3777; x_wconf 90' lang='lat' dir='ltr'>Concilii</span> <span class='ocrx_word' id='word_1_215' title='bbox 623 3699 752 3777; x_wconf 91' lang='lat' dir='ltr'>Status</span> <span class='ocrx_word' id='word_1_216' title='bbox 776 3696 830 3777; x_wconf 88' lang='lat' dir='ltr'>ad</span> <span class='ocrx_word' id='word_1_217' title='bbox 853 3696 1053 3806; x_wconf 70' lang='lat' dir='ltr'>resporfitm</span> <span class='ocrx_word' id='word_1_218' title='bbox 1077 3694 1343 3806; x_wconf 71' lang='lat' dir='ltr'>praediblorum</span> 
     </span>
     <span class='ocr_line' id='line_1_32' title="bbox 247 3807 1341 3917; baseline 0.002 -28"><span class='ocrx_word' id='word_1_219' title='bbox 247 3809 489 3890; x_wconf 77' lang='lat' dir='ltr'>Domitiorum</span> <span class='ocrx_word' id='word_1_220' title='bbox 522 3812 752 3916; x_wconf 82' lang='lat' dir='ltr'>Legatorum</span> <span class='ocrx_word' id='word_1_221' title='bbox 783 3808 879 3917; x_wconf 85' lang='lat' dir='ltr'>quod</span> <span class='ocrx_word' id='word_1_222' title='bbox 905 3808 958 3889; x_wconf 87' lang='lat' dir='ltr'>ad</span> <span class='ocrx_word' id='word_1_223' title='bbox 970 3807 1079 3916; x_wconf 79' lang='lat' dir='ltr'>stnos</span> <span class='ocrx_word' id='word_1_224' title='bbox 1110 3808 1288 3889; x_wconf 80' lang='lat' dir='ltr'>articulos</span> <span class='ocrx_word' id='word_1_225' title='bbox 1316 3811 1341 3891; x_wconf 81' lang='grc' dir='ltr'><em>ὰ</em></span> 
     </span>
    </p>
   </div>
   <div class='ocr_carea' id='block_1_5' title="bbox 240 3920 1344 4143">
    <p class='ocr_par' dir='ltr' id='par_1_7' title="bbox 240 3920 1344 4143">
     <span class='ocr_line' id='line_1_33' title="bbox 240 3920 1344 4032; baseline 0.004 -32"><span class='ocrx_word' id='word_1_226' title='bbox 240 3920 423 4032; x_wconf 71' lang='lat' dir='ltr'>praediblo</span> <span class='ocrx_word' id='word_1_227' title='bbox 445 3922 604 4004; x_wconf 84' lang='lat' dir='ltr'>Concilio</span> <span class='ocrx_word' id='word_1_228' title='bbox 628 3922 766 4003; x_wconf 87' lang='lat' dir='ltr'>nomine</span> <span class='ocrx_word' id='word_1_229' title='bbox 789 3922 961 4031; x_wconf 90' lang='lat' dir='ltr'>Reipub.</span> <span class='ocrx_word' id='word_1_230' title='bbox 989 3920 1144 4028; x_wconf 86' lang='lat' dir='ltr'>Angliae</span> <span class='ocrx_word' id='word_1_231' title='bbox 1167 3922 1344 4004; x_wconf 79' lang='lat' dir='ltr'>exhibitos</span> 
     </span>
     <span class='ocr_line' id='line_1_34' title="bbox 245 4031 507 4143; baseline 0.008 -31"><span class='ocrx_word' id='word_1_232' title='bbox 245 4034 295 4143; x_wconf 84' lang='lat' dir='ltr'>est</span> <span class='ocrx_word' id='word_1_233' title='bbox 312 4031 507 4114; x_wconf 85' lang='lat' dir='ltr'>redditum.</span> 
     </span>
    </p>
   </div>
   <div class='ocr_carea' id='block_1_6' title="bbox 193 4206 1343 4539">
    <p class='ocr_par' dir='ltr' id='par_1_8' title="bbox 193 4206 1343 4539">
     <span class='ocr_line' id='line_1_35' title="bbox 288 4206 1343 4318; baseline 0.002 -33"><span class='ocrx_word' id='word_1_234' title='bbox 288 4206 512 4301; x_wconf 89' lang='lat' dir='ltr'>Oncilium,</span> <span class='ocrx_word' id='word_1_235' title='bbox 554 4207 732 4318; x_wconf 77' lang='lat' dir='ltr'>inspectis</span> <span class='ocrx_word' id='word_1_236' title='bbox 772 4207 1047 4317; x_wconf 66' lang='lat' dir='ltr'>praedictorum</span> <span class='ocrx_word' id='word_1_237' title='bbox 1089 4208 1343 4288; x_wconf 92' lang='lat' dir='ltr'>dominorum</span> 
     </span>
     <span class='ocr_line' id='line_1_36' title="bbox 316 4319 1342 4429; baseline 0.001 -31"><span class='ocrx_word' id='word_1_238' title='bbox 316 4321 559 4427; x_wconf 85' lang='lat' dir='ltr'>Legatorum</span> <span class='ocrx_word' id='word_1_239' title='bbox 579 4321 806 4428; x_wconf 89' lang='lat' dir='ltr'>diplomatis</span> <span class='ocrx_word' id='word_1_240' title='bbox 826 4320 968 4428; x_wconf 92' lang='lat' dir='ltr'>quibus</span> <span class='ocrx_word' id='word_1_241' title='bbox 982 4320 1122 4399; x_wconf 89' lang='lat' dir='ltr'>collata</span> <span class='ocrx_word' id='word_1_242' title='bbox 1137 4319 1176 4396; x_wconf 94' lang='lat' dir='ltr'>in</span> <span class='ocrx_word' id='word_1_243' title='bbox 1192 4347 1257 4398; x_wconf 89' lang='lat' dir='ltr'>eos</span> <span class='ocrx_word' id='word_1_244' title='bbox 1270 4349 1342 4429; x_wconf 89' lang='lat' dir='ltr'>po-</span> 
     </span>
     <span class='ocr_line' id='line_1_37' title="bbox 193 4430 1343 4539; baseline 0.003 -29"><span class='ocrx_word' id='word_1_245' title='bbox 193 4430 305 4511; x_wconf 89' lang='lat' dir='ltr'>testas</span> <span class='ocrx_word' id='word_1_246' title='bbox 325 4431 380 4511; x_wconf 88' lang='lat' dir='ltr'>est</span> <span class='ocrx_word' id='word_1_247' title='bbox 402 4433 634 4539; x_wconf 81' lang='lat' dir='ltr'>transigendi</span> <span class='ocrx_word' id='word_1_248' title='bbox 654 4461 746 4512; x_wconf 90' lang='lat' dir='ltr'>cum</span> <span class='ocrx_word' id='word_1_249' title='bbox 768 4434 1008 4513; x_wconf 85' lang='lat' dir='ltr'>Parlamento</span> <span class='ocrx_word' id='word_1_250' title='bbox 1029 4452 1095 4510; x_wconf 89' lang='lat' dir='ltr'>aut</span> <span class='ocrx_word' id='word_1_251' title='bbox 1115 4431 1195 4536; x_wconf 90' lang='lat' dir='ltr'>ejus</span> <span class='ocrx_word' id='word_1_252' title='bbox 1218 4433 1343 4513; x_wconf 88' lang='lat' dir='ltr'>Com-</span> 
     </span>
    </p>
   </div>
   <div class='ocr_carea' id='block_1_7' title="bbox 0 0 1495 4980">
    <p class='ocr_par' dir='ltr' id='par_1_9' title="bbox 0 0 1495 4980">
     <span class='ocr_line' id='line_1_38' title="bbox 0 0 1495 4980; baseline 0 0"><span class='ocrx_word' id='word_1_253' title='bbox 0 0 1495 4980; x_wconf 95' lang='lat' dir='ltr'> </span> 
     </span>
    </p>
   </div>
  </div>
 </body>
</html>
