2956 4980
162 274 215 354 34
572 233 697 327 Artis
722 232 908 362 Logicae
1099 226 1207 325 Lib.
1241 270 1276 324 ι.

160 428 281 504 ratur,
302 408 418 516 hujus
437 412 515 490 loci
530 409 598 490 est.
663 409 867 489 Hactenus
883 409 932 488 de
945 408 1131 515 adjuncto
1145 404 1254 515 quod
1272 404 1308 483 in

160 521 330 627 subjecto
350 522 569 602 sustinetur.

219 635 419 715 Secundus
439 635 580 715 modus
600 633 656 712 est
675 634 947 740 adjunctorum
962 660 1049 739 quae
1063 630 1309 710 continentur

161 748 203 825 in
231 748 417 852 subject0,
446 767 490 826 ut
517 747 690 825 locatum
721 750 761 824 in
788 746 901 825 loco:
932 764 1049 853 atque
1081 740 1164 822 huc
1193 740 1309 821 etiam

161 859 251 941 situs
271 860 451 940 locorum
471 858 658 953 refertur;
691 859 760 938 nisi
780 858 807 937 fi
827 859 894 937 cui
912 857 962 936 ad
980 857 1161 966 primum
1184 854 1310 964 potius

162 972 329 1051 modum
346 970 569 1050 referendus
581 971 760 1051 videatur
774 999 785 1062 ;
805 967 901 1050 ciam
913 971 1004 1049 fitus
1015 968 1137 1077 paffio
1152 966 1199 1046 sat
1214 992 1310 1074 qua·

161 1084 250 1163 dam
273 1085 329 1162 rei
348 1084 494 1177 locatae,
515 1083 622 1162 etad
650 1084 823 1192 priorem
845 1083 1013 1161 modum
1032 1081 1083 1160 fic
1103 1079 1306 1190 pertineat.

161 1198 296 1302 Atque
310 1195 390 1275 haec
406 1196 455 1275 de
471 1195 660 1300 adjunctis
672 1224 759 1303 quae
770 1198 810 1273 in
826 1193 1043 1300 subjectum
1054 1192 1306 1299 recipiuntur.

217 1309 378 1389 Tertius
405 1308 546 1387 modus
572 1307 629 1386 est
654 1306 927 1412 adjunctorum
953 1334 1041 1414 quae
1069 1304 1307 1413 recipiuntur

160 1420 208 1498 ad
230 1420 470 1526 subjectum3
501 1448 587 1528 quae
607 1417 726 1526 vulgd
752 1419 1053 1499 circumstantie
1078 1442 1307 1524 nuncupau-

164 1551 240 1625 tur,
253 1535 347 1642 quia
360 1552 471 1612 extra
485 1531 702 1637 subjectum
715 1530 816 1611 sunt.
869 1532 965 1611 Huc
976 1546 1119 1638 tempus
1132 1526 1307 1623 refertur,

160 1644 313 1723 duratio
334 1672 477 1751 nempe
499 1672 632 1723 rerum
652 1644 858 1754 praeterita,
874 1642 1047 1752 praesens,
1062 1639 1209 1721 futura.
1251 1640 1308 1718 Sic

161 1756 282 1835 etiam
301 1758 412 1835 Deus
432 1756 577 1836 dicitur
596 1759 666 1865 qui
689 1755 761 1851 est,
782 1756 852 1865 qui
879 1773 975 1850 erat,
996 1774 1035 1833 et
1061 1753 1133 1861 qui
1158 1751 1308 1833 futurus

160 1866 229 1961 est,
258 1869 417 1978 Apocal.
445 1894 480 1945 1.
504 1867 543 1963 8,
570 1888 610 1947 et
632 1894 673 1970 4.
696 1868 735 1947 8.
795 1870 886 1947 Deo
916 1886 1049 1946 tamen
1076 1891 1208 1945 aevum
1239 1863 1308 1943 five

159 1981 363 2075 aeternitas,
384 2008 462 2059 non
483 1997 639 2089 tempus
658 1979 818 2059 attribui
839 1980 958 2060 solet:
988 1978 1084 2087 quid
1103 1995 1242 2057 autem
1260 1974 1310 2055 est

160 2119 286 2170 aevum
318 2093 491 2201 proprie,
527 2095 596 2173 nisi
633 2092 785 2172 duratio
823 2108 1027 2202 perpetua,
1063 2090 1200 2170 Grac>
1230 2086 1309 2181 eiu,

161 2204 267 2311 quasi
288 2202 340 2285 oiri
360 2204 403 2285 dv
425 2205 576 2313 semper
590 2204 770 2285 existens.
831 2204 905 2283 Sed
924 2204 1032 2311 quod
1051 2201 1311 2313 superioribus

160 2317 354 2425 capitibus
381 2317 429 2396 de
462 2338 573 2397 motu
600 2335 640 2397 et
671 2317 772 2408 loco,
798 2317 905 2396 idem
927 2342 1033 2394 nunc
1056 2314 1105 2394 de
1133 2333 1310 2423 tempore

161 2430 406 2509 monendum
426 2429 508 2523 est;
541 2457 619 2508 non
643 2430 838 2538 pertinere
864 2430 914 2508 ad
940 2427 1134 2535 Logicam
1153 2426 1252 2534 quid
1271 2426 1312 2505 fit

162 2560 318 2648 tempus
347 2540 629 2649 philosophari,
657 2540 720 2620 sed
747 2570 826 2649 quo
855 2542 894 2619 in
919 2567 1063 2647 genere
1088 2538 1311 2646 argumenti

161 2652 391 2760 ponendum
411 2653 471 2745 sit,
492 2652 557 2732 hic
577 2680 720 2762 nempe
749 2653 789 2730 in
813 2652 1017 2757 adjunctis.
1077 2651 1174 2731 Huc
1193 2650 1311 2731 etiarn

162 2763 384 2844 referuntur
402 2765 561 2859 divitiae,
586 2786 806 2875 paupertas,
834 2763 975 2857 honor,
999 2761 1178 2857 infamia,
1199 2762 1312 2843 vesti·

162 2896 238 2971 tus,
253 2878 477 2971 comitatus,
495 2898 534 2957 et
554 2878 743 2982 ejusmodi
761 2877 951 2985 quicquid
968 2875 1107 2968 adeffe,
1115 2874 1309 2981 adjacere,

160 2992 424 3085 circumstare,
445 3010 514 3069 aut
535 2992 632 3070 citra
652 2991 733 3068 vim
761 2989 880 3069 causae
906 2988 1151 3082 antecedere,
1171 3014 1311 3069 conco-

161 3106 309 3196 mitari,
330 3104 452 3211 sequi,
473 3099 649 3211 utsupra
675 3102 715 3180 in
742 3100 912 3208 subjecto
931 3101 1121 3194 diximus,
1142 3100 1225 3179 dici
1243 3128 1308 3209 po-

163 3213 251 3306 test,
265 3214 342 3307 vel,
364 3234 407 3293 ut
428 3216 516 3293 Cic.
534 3216 575 3293 in
595 3217 704 3322 Top.
766 3213 972 3325 Qicquid
991 3230 1079 3293 ante
1099 3240 1202 3306 rem,
1223 3238 1308 3293 curn

163 3354 218 3419 re,
239 3326 325 3434 post
346 3352 445 3418 rem,
462 3326 681 3406 dummodo
701 3353 781 3405 non
801 3324 1024 3418 necessarii),
1044 3324 1190 3403 evenit.

222 3444 317 3550 Qu
338 3437 634 3519 circumstantia
653 3466 810 3546 genere,
831 3437 933 3518 Dido
952 3455 1130 3517 venatum
1145 3432 1306 3546 prefici-

164 3579 260 3644 cens,
280 3548 472 3656 magnffice
490 3576 531 3652 4.
590 3550 740 3631 AEneid.
761 3550 1005 3660 depingitur:

278 3714 465 3792 Oceanum
484 3711 625 3793 interea
632 3714 797 3821 strrgens
817 3742 958 3792 aurora
977 3711 1142 3821 reliquit,

277 3826 317 3903 It
329 3825 466 3933 pertis,
476 3824 618 3930 jubare
638 3846 778 3921 exorto,
798 3825 936 3906 deleiia
942 3822 1160 3930 juventus:

275 3937 388 4016 Retia
406 3966 515 4030 rara,
529 3938 673 4047 plage,
693 3939 768 4018 lato
786 3936 973 4018 venabula
977 3936 1094 4045 ferro
1109 3966 1124 4015 .·
1155 3938 1233 4017 dcc.

221 4114 268 4191 In
281 4110 358 4191 hoc
370 4111 557 4220 exemplo
569 4109 670 4192 Dido
684 4111 738 4190 est
752 4111 993 4216 subjectum:
1015 4108 1126 4215 cujus
1137 4108 1310 4216 adjuncta

164 4225 376 4332 adjacentia
396 4223 471 4302 five
492 4223 790 4303 circumstantiae
801 4225 914 4303 variae
929 4221 994 4302 htc
1010 4242 1309 4303 enumerantur:

169 4367 204 4417 1.
225 4340 390 4447 Tempus,
410 4365 580 4415 oceanum
599 4336 754 4431 interea,
768 4339 843 4416 dcc.
896 4361 934 4415 2.
955 4334 1178 4428 Comt'tatus,
1198 4334 1311 4415 nimi·

165 4480 253 4530 rum
273 4450 412 4530 delebia
419 4446 621 4553 juventus,
637 4449 787 4557 equites,
801 4449 997 4557 principes
1010 4465 1219 4557 paenorum.
1279 4470 1311 4553 3.
