2956 4980
158 225 238 330 360
368 207 604 336 Scriptum
632 209 775 298 Dom.
805 201 1098 300 Protestoris.

158 409 306 489 rexque
337 381 544 489 proximus
574 405 643 486 per
673 378 906 456 refidentem
930 374 1045 454 suum
1067 374 1196 454 Dom.
1219 371 1315 450 Bal·

159 494 351 600 thasarutn
381 491 615 582 Gerberium,
640 517 787 599 perque
818 488 948 567 literas
975 505 1058 566 tam
1086 485 1153 565 sua
1177 511 1315 574 manu,

160 633 283 714 quam
302 633 324 684 a
343 603 546 683 secretario
569 602 679 681 Coco
699 600 872 709 scriptas,
893 625 1033 678 eorum
1060 598 1225 676 nomine
1253 623 1316 674 re·

161 718 407 827 parationem
417 711 820 824 poposciffet,nullam
832 730 966 791 tamen
977 737 1105 817 oeque
1118 708 1317 787 bonorum

163 829 465 919 restitutionem,
479 854 607 933 neque
623 825 674 905 ob
690 853 735 904 ea
752 844 795 904 ut
810 821 1076 933 compensatio
1093 820 1176 902 ulla
1191 818 1318 911 fieret,

165 943 374 1048 impetrare
393 956 621 1048 potuerunt.

224 1053 323 1130 Sunt
358 1070 396 1129 et
431 1050 505 1130 alia
534 1048 760 1128 recentioris
787 1067 828 1127 et
852 1047 1061 1127 acerbioris
1084 1046 1208 1124 etiam
1233 1071 1319 1123 me·

165 1163 299 1242 moriae
317 1162 515 1267 exempla,
537 1161 636 1240 illud
655 1188 799 1269 nempe
821 1162 970 1240 Sanciae
992 1157 1130 1238 Crucis'
1153 1157 1205 1237 ab
1225 1154 1319 1262 Hff-

159 1272 272 1383 panis
296 1302 318 1352 a
344 1272 537 1354 Portorico
558 1274 749 1382 provectis
774 1291 1010 1382 oppugnatae
1034 1297 1137 1350 auno
1161 1269 1319 1348 circiter

172 1388 293 1493 1651,
310 1385 441 1465 insulae
456 1387 619 1493 quidem
638 1403 750 1463 antea
770 1412 849 1463 non
867 1381 1072 1476 habitatae;
1094 1382 1164 1460 illo
1184 1399 1318 1460 autem

170 1519 348 1606 tempore
382 1499 537 1577 colonia
571 1497 796 1603 Anglorum,
832 1497 933 1575 duce
963 1494 1119 1574 Nicolao
1156 1492 1318 1599 Philtps,

61 1688 64 1693 ,
169 1639 256 1689 eam
275 1611 423 1704 tenuit3
447 1611 515 1716 qui
535 1637 628 1687 cum
645 1627 806 1688 centum
821 1608 977 1688 circiter
992 1607 1141 1686 colonis
1156 1604 1208 1684 ab
1226 1604 1317 1712 HJ-

161 1725 273 1830 panis
292 1720 503 1801 crudeliter
520 1720 667 1800 occisus
683 1720 762 1814 est3
784 1721 854 1828 qui
868 1720 990 1799 etiam
1006 1746 1121 1797 naves
1141 1719 1184 1796 in
1202 1737 1318 1827 portu

167 1854 424 1940 occuparunt,
442 1832 547 1912 sedes
567 1834 831 1941 diripuerunt,
848 1832 1058 1923 vastarunt,
1078 1848 1118 1909 et
1137 1827 1318 1909 funditirs

168 1944 412 2022 exciderunt.
474 1939 661 2080 Cbmque
686 1944 817 2052 plures
843 1972 940 2050 quos
960 1942 1186 2022 occiderent
1209 1943 1319 2020 inve·

170 2056 252 2133 nire
278 2082 355 2133 non
380 2053 531 2162 pollent
556 2057 666 2159 (cum
691 2057 908 2135 incolarum
936 2082 1022 2162 pars
1046 2053 1121 2134 alia
1147 2055 1189 2132 in
1214 2052 1320 2132 silvas

168 2165 415 2276 profugiffet)
444 2165 609 2274 Hffpani
631 2168 867 2247 Portoricum
888 2166 1026 2245 reverfi
1045 2167 1092 2245 iis
1113 2164 1265 2244 miseris
1283 2184 1321 2242 et

170 2277 275 2357 fame
294 2280 586 2389 propemodum
600 2278 790 2358 confectis
812 2278 986 2387 reliquiis
1002 2276 1049 2357 ad
1064 2277 1158 2357 alias
1173 2278 1321 2356 vicinas

170 2389 309 2469 insulas
327 2390 542 2498 recipiendi
561 2389 651 2483 sese,
669 2390 857 2498 illamque
878 2391 1028 2470 sanna
1050 2388 1188 2468 Crucis
1207 2390 1320 2498 peni·
1370 2431 1373 2437 ·

171 2522 232 2580 tus
252 2501 467 2594 deserendi,
485 2503 654 2611 spatium
673 2502 827 2581 dedere.
889 2503 963 2581 Sed
984 2500 1093 2580 brevi
1113 2500 1202 2608 post
1218 2519 1320 2582 tem·

49 2671 51 2675 v
170 2641 266 2720 pore
290 2613 457 2721 Hispani
471 2615 519 2692 ad
542 2613 883 2721 pervestigandum
907 2632 947 2692 et
972 2613 1077 2720 quasi
1098 2614 1321 2692 venandum

170 2752 236 2803 eos
256 2725 326 2832 qui
346 2726 387 2801 in
407 2725 515 2804 silvas
537 2724 610 2803 sese
631 2726 872 2819 abdiderant,
893 2742 1158 2804 reverterunt:
1182 2752 1321 2804 verum

172 2837 230 2915 illi
250 2864 301 2914 ex
322 2835 503 2917 manibus
523 2865 662 2916 eorum
682 2836 912 2944 effugiendi,
933 2855 973 2915 et
998 2837 1040 2914 in
1065 2835 1159 2915 alias
1179 2834 1321 2916 insulas

172 2948 385 3041 dilabendi,
407 2951 599 3028 rationem
620 2948 794 3056 aliquam
813 2949 1060 3027 invenerunt.

229 3061 382 3139 Eodem
397 3088 498 3139 anno
519 3062 639 3167 1651,
655 3062 762 3139 navis
775 3062 954 3168 quaedam
965 3058 1129 3166 Joannis
1143 3053 1321 3151 Turneri,

172 3199 265 3249 cum
291 3172 382 3250 effet
408 3175 448 3250 in
478 3192 638 3280 portum
670 3173 935 3278 Cumanagotae
959 3169 1321 3250 vehementioribus

173 3286 297 3361 ventis
326 3283 497 3391 appulsa,
528 3284 576 3362 ab
607 3282 710 3362 illius
739 3284 817 3362 loci
842 3282 1023 3391 praefedlo
1048 3300 1257 3390 occupata,
1285 3304 1323 3361 et

171 3422 265 3472 cum
285 3398 396 3473 omni
416 3423 531 3473 onere
553 3397 591 3472 in
614 3392 750 3473 fiscum
770 3396 923 3474 redacta
943 3395 1010 3474 est.

231 3506 452 3583 *Similiter
491 3504 640 3584 factum
680 3507 734 3585 est
771 3507 859 3585 navi
898 3527 938 3585 et
976 3507 1088 3584 bonis
1126 3503 1323 3613 capitanei

176 3615 341 3694 Cranlei.

231 3729 397 3806 Etanno
424 3729 528 3832 1650
544 3729 650 3807 navis
670 3730 848 3837 quaedam
869 3727 1047 3807 Samuelis
1067 3724 1221 3832 Wlfflin,
1239 3753 1324 3833 quae

174 3839 366 3918 Barbados
385 3838 524 3918 insulas
545 3840 715 3947 petebat,
741 3840 852 3947 equis
875 3838 1025 3930 onusta,
1051 3839 1091 3915 in
1112 3838 1193 3917 alto
1210 3857 1324 3946 capta

174 3970 213 4029 et
241 3955 447 4031 Havanam
473 3952 638 4030 abdudla
665 3952 743 4044 est;
780 3952 885 4030 navis
914 3969 953 4028 et
984 3949 1085 4029 bona
1109 3948 1324 4058 publicata,

174 4081 378 4141 nautarum
396 4063 572 4171 plerique
591 4065 630 4140 in
647 4063 861 4142 custodiam
879 4062 1024 4154 traditi,
1041 4079 1080 4140 et
1101 4061 1325 4170 mancipio·

173 4202 261 4257 rum
283 4201 391 4251 more
412 4175 450 4249 in
474 4176 728 4253 munimentis
749 4201 884 4282 operas
904 4174 995 4253 dare
1011 4174 1150 4251 coacti.

215 4471 235 4512 *
260 4466 399 4530 Similiter
422 4465 513 4529 etiam
536 4464 652 4528 fadium
677 4465 774 4530 fuerat
795 4467 904 4529 eodem
928 4467 1070 4550 inportu
1100 4468 1171 4530 navi
1201 4467 1324 4530 cuidam

171 4552 299 4641 Joannis
317 4553 441 4632 Blandi,
457 4553 505 4615 cui
523 4551 687 4634 praefec'lus
707 4568 770 4616 erat
786 4552 926 4616 Nicolaus
945 4551 1113 4638 Philippus.
