2956 4980
162 240 240 347 348
371 210 606 356 Scriptum
631 228 778 318 Dom.
806 209 1099 319 Protedtoris.¹

159 397 303 507 quibus
324 397 400 477 illae
426 415 561 506 gentes
581 395 719 476 misere
744 395 831 475 sunt
854 396 903 476 ab
927 394 1065 475 iisdem
1084 382 1235 474 vexatae
1254 411 1309 474 at-

158 538 236 618 que
255 510 454 618 oppreslae,
480 509 707 588 certiffimas
730 508 940 621 aliquando
965 534 1099 617 poenas
1119 506 1308 614 repetitu-

159 649 224 701 rus
244 620 312 699 est.

216 733 370 810 Verum
389 731 437 808 ad
456 757 715 809 communem
735 729 946 810 hominum
965 730 1067 809 inter
1090 726 1128 807 se
1149 726 1308 807 necessr-

160 842 355 935 tudinem,
375 869 462 948 quae
481 839 650 921 fraterna
666 839 754 920 sane
770 842 840 935 est,
857 868 1022 949 quaeque
1042 838 1139 919 facit
1158 857 1205 918 ut
1221 865 1308 946 gra·

160 953 319 1033 viffimae
338 973 379 1032 et
398 953 638 1032 atrociffimae
661 953 892 1060 quorumvis
911 950 1142 1032 mortalium
1162 951 1309 1056 injuria

160 1064 209 1144 ad
228 1065 400 1172 reliquos
416 1091 552 1143 omnes
569 1065 763 1173 pertinere
778 1061 1073 1173 quodammodo
1088 1062 1308 1153 videantur,

161 1174 308 1254 necesse
328 1201 407 1253 non
427 1174 482 1253 est
501 1193 546 1254 ut
565 1202 834 1256 recurramus:
866 1203 962 1255 cum
980 1175 1156 1283 ipsorum
1174 1171 1308 1252 homi-

161 1313 259 1366 num
275 1286 496 1366 nostrorum
509 1285 616 1365 factae
632 1288 752 1366 caedes
765 1316 809 1366 ac
823 1287 1072 1395 spoliationes
1087 1284 1176 1364 satis
1192 1284 1309 1364 causae

162 1395 460 1505 quamobrema
479 1397 590 1477 nobis
610 1399 677 1477 illa
696 1426 822 1507 nuper
841 1398 1041 1506 expeditio
1061 1396 1238 1506 suscepta
1253 1396 1308 1488 fit,

161 1509 324 1617 satisque
338 1509 484 1615 justam
500 1509 725 1589 vindicandi
738 1511 944 1589 materiam
956 1508 1160 1588 dederint:
1181 1526 1227 1587 ut
1242 1535 1309 1586 ne·

160 1621 258 1728 quid
283 1640 467 1732 praeterea
490 1620 707 1701 nostrarum
738 1622 779 1699 in
807 1620 1005 1731 prasentia
1031 1621 1249 1713 rationum,
1269 1638 1310 1697 ut

161 1759 212 1812 ne
232 1734 273 1810 in
293 1732 474 1811 futurum
489 1733 610 1811 etiam
629 1732 800 1812 nostram
820 1732 944 1842 ipsam
959 1725 1237 1838 sociorirmque
1253 1731 1309 1808 in-

161 1843 451 1936 columitatem,
467 1871 606 1922 corum
621 1844 829 1952 praesertim
850 1846 920 1952 qui
936 1841 1202 1923 orthodoxam
1222 1843 1311 1922 reli-

161 1957 320 2061 gionem
336 1954 797 2050 colunt,confideremus;
819 1974 864 2035 ut
875 1957 967 2035 alias
980 1955 1150 2061 denique
1162 1953 1308 2046 causas,

162 2094 248 2174 quae
276 2065 386 2145 illam
416 2065 528 2146 nobis
561 2066 855 2175 expeditionem
892 2066 1101 2158 suaserunt,
1136 2065 1310 2174 quasque

162 2188 268 2258 nunc
286 2176 484 2283 figillatim
500 2204 728 2256 enumerare
743 2179 949 2257 confilium
966 2178 1129 2271 nonest,
1146 2178 1308 2256 omitta-

161 2317 276 2369 mus:
297 2316 390 2367 cum
412 2315 491 2368 non
505 2287 625 2368 causae
638 2288 811 2395 fingulae,
826 2290 888 2369 sed
905 2289 1022 2398 ipfius
1040 2290 1098 2366 rei
1110 2286 1177 2392 jus
1192 2307 1308 2396 atque

162 2402 320 2508 aequitas
334 2400 562 2479 declaranda
582 2401 693 2480 nobis
711 2419 965 2509 proponatur.
1027 2398 1151 2508 Qod
1170 2417 1216 2478 ut
1232 2400 1310 2478 cla-

164 2512 245 2591 rius
265 2510 469 2602 faciamus,
485 2529 525 2589 et
541 2512 760 2616 generatim
779 2512 882 2591 dista
897 2509 1164 2619 particulatim
1183 2511 1312 2618 expli-

163 2622 368 2713 cemus,ad
381 2622 571 2730 praeterita
583 2621 726 2701 referre
739 2623 874 2702 oculos
890 2621 1083 2729 paulisper
1091 2622 1308 2729 oportebit:

164 2760 328 2841 quaeque
356 2733 457 2812 inter
484 2734 630 2839 Anglos
653 2752 770 2840 atque
796 2733 981 2843 Hispanos
1008 2730 1194 2811 transacta
1223 2734 1309 2826 fint,

163 2873 244 2956 quo
264 2844 362 2924 statu
379 2871 438 2923 res
453 2871 591 2924 eorum
604 2846 803 2951 utrinque,
816 2846 864 2924 ad
880 2846 917 2924 se
932 2842 1074 2924 mutuo
1093 2844 1202 2950 quod
1219 2846 1310 2925 atti·

163 2976 245 3051 net,
263 2955 423 3049 suerint,
442 2983 493 3034 ex
512 2984 592 3063 quo
611 2975 651 3035 et
665 2955 894 3065 perlustrata
909 2954 1040 3064 primo
1060 2954 1310 3037 Occidentalis

164 3069 285 3150 Indice
303 3095 384 3161 ora,
405 3087 445 3147 et
469 3066 678 3148 reformata
703 3067 843 3174 religio
866 3068 936 3160 est,
962 3067 1125 3146 strictim
1146 3095 1310 3176 percur-

165 3209 263 3260 rere.
339 3185 440 3291 Qae
473 3180 559 3258 duae
592 3208 651 3258 res
685 3182 882 3272 maxima,
917 3207 1011 3258 cum
1039 3178 1182 3258 eodem
1228 3179 1309 3260 fere

166 3312 343 3400 tempore
367 3290 603 3384 accidissent,
626 3318 859 3400 permagnas
875 3291 1022 3398 ubique
1040 3290 1309 3371 conversiones

164 3404 269 3483 orbis
290 3421 479 3480 terrarum
504 3403 618 3481 rebus
634 3403 831 3507 ‘attulere;
859 3402 908 3482 ad
929 3403 1074 3510 Anglos
1095 3402 1308 3511 prasertim

163 3534 203 3595 et
215 3512 398 3620 Hispanos
413 3513 520 3619 quod
532 3512 689 3619 spedtat,
701 3515 771 3621 qui
786 3513 975 3593 diversam
994 3513 1042 3594 ab
1062 3541 1110 3593 eo
1126 3532 1307 3625 tempore

163 3645 204 3705 et
226 3622 325 3735 pene
348 3623 583 3702 contrariam
611 3651 670 3703 res
694 3623 777 3703 suas
804 3626 945 3732 agendi
969 3627 1162 3713 rationem
1186 3626 1309 3707 secuti

163 3738 264 3846 sunt.
322 3734 497 3815 Tametfi
522 3734 629 3812 enim
654 3762 723 3814 rex
751 3740 971 3844 proximus,
996 3738 1153 3845 ejusque
1183 3759 1308 3847 pater,

163 3849 326 3931 adverfis
343 3845 468 3928 ferme
492 3847 610 3927 totius
636 3848 776 3956 populi
795 3848 1007 3956 Anglicani
1028 3849 1163 3929 studiis
1189 3871 1308 3959 atque

162 3962 375 4054 sententiis,
406 3961 485 4039 duo
511 3958 657 4038 soedera
687 3987 780 4039 cum
796 3958 974 4069 Hstanis
1002 3988 1166 4069 quoquo
1184 3965 1308 4042 modo

163 4072 365 4164 sarserunt,
380 4071 518 4151 diversi
538 4089 668 4150 tamen
686 4072 745 4150 illi
759 4089 1015 4179 utrorumque
1027 4071 1152 4152 sensus
1167 4101 1212 4153 ac
1226 4074 1307 4153 stu-

162 4187 227 4265 dia
248 4211 299 4262 ex
322 4181 468 4261 diversa
494 4182 684 4288 religione
710 4201 811 4274 nata,
835 4202 1110 4292 perpetuaeque
1129 4185 1171 4262 in
1195 4186 1308 4267 Occi-

161 4295 304 4377 dentali
311 4292 420 4373 India
439 4294 715 4387 controverfiae,
734 4313 773 4374 et
786 4293 1038 4404 Hffpanorum
1058 4296 1187 4390 fimul,
1208 4298 1308 4377 dum

159 4410 237 4492 suis
255 4407 338 4488 illic
357 4404 543 4488 thesauris
564 4425 760 4500 metuunt,
781 4406 1014 4515 suspiciones
1033 4407 1083 4488 de
1098 4409 1242 4516 Anglis
1259 4409 1309 4488 ab

103 4664 107 4673 ι

115 4687 123 4699 5

127 4713 158 4791 RN
