2956 4980
157 226 212 331 84
558 215 684 311 Artis
710 214 896 343 Logicae
1097 208 1206 311 Lib.
1237 252 1272 309 1.

162 415 277 481 num,
289 388 373 467 alia
387 388 435 466 ad
451 386 659 469 brutorum
674 388 850 495 effigiem
864 386 998 483 factm
1029 387 1087 469 est
1097 386 1305 469 distributio

165 497 188 579 ὲ
205 499 332 580 forma
352 520 526 580 externa.
587 502 687 581 Alia
705 499 815 580 faelae
841 498 929 581 sunt
953 500 1000 580 ad
1021 498 1140 581 usum
1159 501 1306 611 religio-

167 612 269 707 sum,
289 613 373 693 aliae
392 613 441 693 ad
460 612 645 708 civilem;
676 612 733 692 est
751 612 975 695 distributio
993 610 1017 695 d
1035 612 1130 695 fine.

192 998 318 1078 CAP.
342 997 523 1076 XXVII.
555 998 619 1078 De
639 997 910 1109 Dssributione
928 1027 974 1079 ex
992 998 1148 1109 effebi,
1168 994 1289 1078 ubire

578 1139 714 1218 genere
732 1127 768 1191 et
775 1109 914 1220 speeie.

193 1311 236 1408 ξ.
318 1283 575 1478 Istribbptio
601 1316 648 1366 ex
671 1285 809 1397 effel'lis
833 1285 896 1392 est,
916 1284 1059 1397 quando
1078 1304 1217 1396 partes
1228 1285 1314 1395 sunt

355 1461 360 1476 ,
413 1428 431 1477 e
463 1427 482 1476 e
520 1428 558 1477 a.

192 1593 209 1627 v
349 1563 354 1587 t
419 1396 669 1618 ffDssributio
683 1508 831 1616 generis
850 1507 1037 1618 inspecies
1055 1509 1116 1590 hic
1135 1508 1292 1591 excellit.

293 1593 368 1675 ff
443 1622 641 1702 Nonnulli
653 1650 703 1701 ex
720 1622 913 1702 Cicerone
929 1621 1251 1703 distributionem
1262 1622 1315 1701 in-

174 1736 274 1843 tegri
293 1736 334 1813 in
351 1734 544 1828 membra,
551 1733 791 1843 partitionem
811 1752 976 1830 vocant;
1007 1734 1161 1842 generis
1181 1734 1225 1813 in
1240 1732 1317 1841 spe-

172 1850 251 1927 cies
270 1845 488 1951 dioistonem.
539 1847 631 1926 Nec
656 1846 705 1926 de
725 1845 853 1926 nihilo
873 1844 986 1927 sane:
1017 1845 1200 1927 membra
1218 1846 1317 1925 enim

172 1959 364 2068 copulari,
385 1957 530 2068 species
550 1958 722 2066 disjungi
741 1958 877 2038 solent.

235 2072 360 2152 Genus
379 2071 427 2180 est
445 2088 562 2150 totum
574 2069 753 2180 partibus
772 2067 985 2179 Effential.

232 2184 280 2263 Id
311 2211 392 2292 quo
420 2185 661 2263 contrarium
692 2183 748 2262 est
775 2183 955 2290 integro:
997 2180 1082 2263 illic
1111 2182 1225 2261 enim
1254 2179 1319 2261 toti

175 2316 317 2405 partes,
338 2294 404 2375 htc
433 2316 562 2375 totum
582 2295 756 2404 partibus
772 2293 829 2373 est
853 2293 1075 2375 essentiale:
1104 2294 1212 2375 unde
1231 2320 1318 2375 con·

174 2410 259 2504 stat,
277 2409 388 2488 illam
408 2435 458 2487 ex
481 2408 617 2502 causrs‚
644 2405 745 2487 hanc
764 2434 815 2487 ex
841 2404 990 2487 effectis
1009 2405 1320 2487 distributionem

146 2576 151 2585 -
175 2519 278 2599 redte
297 2521 391 2599 dici.
443 2521 566 2598 Genus
584 2539 718 2599 autem
737 2520 786 2629 est
804 2536 920 2598 totum
933 2517 1113 2627 partibus
1130 2517 1320 2627 effertiele,

174 2633 267 2738 quia
293 2631 405 2708 illam
434 2630 635 2710 essentiam
665 2659 810 2740 nempe
835 2632 1043 2710 materiam
1070 2648 1110 2709 et
1137 2628 1319 2723 formam,

172 2770 259 2851 quae
271 2741 471 2851 speciebus
487 2742 671 2822 omnibus
687 2741 1319 2851 aequecommunisesl,s1gnifica·

173 2858 281 2935 tione
302 2853 367 2934 sua
385 2854 686 2963 complectitur:
717 2856 780 2935 vel
799 2855 968 2949 brevius,
989 2855 1084 2964 quia
1102 2853 1321 2964 symbolum

173 2969 229 3049 est
246 2969 472 3048 communis
495 2966 673 3047 effentiae.
721 2969 868 3076 Neque
893 2968 1002 3047 enim
1020 2993 1146 3074 genus
1165 2964 1320 3077 proprie

174 3081 374 3161 essentiam
405 3079 606 3189 speciebus
638 3082 908 3160 communicat
943 3077 1055 3185 (cum
1081 3080 1123 3158 in
1148 3078 1188 3159 se
1217 3098 1322 3161 extra

176 3193 320 3300 species
346 3220 478 3271 revera
509 3190 610 3271 nihil
636 3192 699 3297 stt)
726 3190 789 3271 sed
816 3221 953 3273 earum
983 3193 1176 3273 duntaxat
1204 3190 1322 3272 ess'en·

175 3307 272 3383 tiam
293 3303 495 3409 fignificet.
537 3305 659 3413 Qod
683 3305 793 3383 enim
817 3304 1011 3384 essentiale
1037 3303 1153 3384 estet
1177 3302 1323 3414 specie·

174 3414 247 3494 bus
266 3415 451 3495 omnibus
470 3444 700 3510 commune,
713 3416 795 3522 ejus
815 3417 925 3497 notio
940 3445 1058 3524 genus
1071 3416 1237 3497 dicitur.
1275 3418 1325 3497 Et

177 3528 271 3607 idaea
283 3526 379 3637 saepe
399 3526 421 3606 ὲ
436 3530 596 3623 Grcecis,
617 3557 696 3609 non
709 3527 881 3638 separata
893 3530 1057 3639 quidem
1072 3524 1096 3608 a
1110 3528 1231 3611 rebus
1246 3528 1324 3622 illa,

176 3658 222 3721 ut
246 3639 383 3720 velunt
410 3641 625 3734 Platonica,
653 3669 739 3748 quae
765 3669 879 3749 nugae
909 3641 1011 3737 sunt,
1041 3640 1139 3721 teste
1163 3640 1324 3751 Arssrr.

177 3754 283 3834 Phil.
313 3781 344 3834 1.
364 3777 405 3860 7.
427 3773 466 3834 et
485 3784 526 3833 v.
553 3780 592 3859 5.
634 3753 710 3832 Sed
729 3756 837 3861 quod
856 3756 1095 3862 cogitatione
1113 3771 1156 3835 et
1177 3756 1327 3835 ratione

176 3893 301 3945 unum
321 3885 361 3946 et
381 3866 488 3945 idern
508 3866 564 3944 est
590 3866 757 3972 specieb.
787 3867 924 3947 multis
943 3894 1158 3947 commune
1177 3867 1223 3947 in
1238 3866 1325 3977 qui·

176 3977 248 4058 bus
265 4005 306 4056 te
327 3996 366 4056 et
383 3997 521 4057 natura
541 3978 596 4058 est
611 3978 851 4086 fingulatim‚
872 3999 916 4060 ut
935 3982 1050 4061 Plato
1069 3978 1112 4059 in
1130 3978 1324 4060 Menone.

177 4089 295 4170 Stoici
315 4090 436 4169 etiam
455 4090 589 4182 Idaeas,
615 4109 659 4170 ut
674 4089 793 4170 refert
820 4092 930 4172 Plut.
952 4091 1001 4171 de
1028 4090 1170 4171 Placit.
1204 4119 1238 4177 1.
1263 4096 1324 4185 10',

173 4203 318 4284 nostras
338 4203 515 4281 notiones
535 4202 609 4283 esse
628 4203 826 4284 dixerunt.

233 4313 375 4424 Species
393 4315 442 4423 rss
452 4332 548 4423 pers
563 4316 723 4421 generis.

232 4430 296 4508 Sic
316 4428 437 4507 etiam
457 4428 688 4536 Aestateles,
710 4426 816 4508 Phil.
841 4426 879 4506 8.
904 4449 971 4531 25.
1017 4428 1072 4507 Et
1093 4425 1240 4523 Cicero,
1260 4426 1324 4505 In·
