2956 4980
267 236 502 368 Scriptum
526 242 673 333 Dom.
692 238 982 333 ProtectoriS.
1130 281 1151 361 3
1158 282 1204 362 51

57 425 149 487 tum
173 407 264 516 ipfis
288 436 338 488 ex
361 409 476 489 rebus
503 409 620 517 gestis
645 410 813 516 intelligi
841 409 980 517 potest,
1002 409 1108 491 haud
1132 415 1211 491 mi·

56 544 131 598 nus
159 521 338 627 permitti
362 521 440 600 iltis
459 523 500 599 in
520 524 615 599 locis
635 549 756 629 quam
784 521 985 629 prohiberi
1009 550 1209 604 commer-

57 631 169 710 cium
183 650 358 740 apparet.
407 633 465 711 At
485 631 736 741 posteaquam
749 633 913 739 Hispani
920 638 1207 714 commercium

60 743 226 821 omnino
253 741 490 849 recusarunt,
518 741 540 821 ὲ
564 746 830 852 permutandis
857 744 1053 823 mercibus
1076 746 1124 825 ad
1150 747 1209 826 al-

60 854 267 933 ternandos
292 856 391 934 idrus
421 883 466 933 ac
489 856 651 933 vulnera
676 855 889 934 deventum
915 854 983 948 est,
1016 876 1097 936 tam
1121 877 1209 936 ante

58 962 212 1043 bellum
232 967 334 1045 inter
349 966 564 1075 Philippum
580 985 620 1045 et
640 966 901 1047 Elizabetlram
920 985 1066 1059 ortum,
1087 996 1209 1075 quam

60 1075 148 1184 post
167 1104 313 1185 pacem·
330 1077 379 1155 ab
399 1077 544 1183 Jacobs
574 1105 665 1186 rege
696 1107 797 1158 anno
824 1080 929 1178 1604
952 1075 1121 1172 faetam3
1153 1081 1209 1159 al-

61 1204 265 1296 teramque
283 1188 332 1267 ab
351 1188 433 1293 ejus
453 1189 537 1269 filio
557 1216 659 1268 anno
685 1191 805 1297 1630,
827 1191 880 1268 ita
901 1208 1032 1268 tamen
1052 1209 1096 1270 ut
1116 1189 1209 1271 hinc

60 1302 351 1380 commercium
376 1329 447 1408 per
467 1304 656 1409 Europam
680 1329 759 1380 non
784 1301 1117 1408 interpellaretur3
1150 1322 1208 1382 ta·

60 1410 174 1490 metfi
193 1438 299 1490 nunc
325 1414 502 1520 primum
523 1411 716 1520 Hffpaniae
742 1441 826 1507 rer,
851 1411 936 1520 post
960 1410 1062 1491 hanc
1084 1440 1210 1520 nuper

58 1521 279 1602 nostrarum
298 1551 431 1605 rerum
451 1526 726 1616 retentionem,
751 1551 889 1603 eorum
910 1523 1088 1602 locorum
1111 1552 1207 1603 con-

59 1634 258 1714 troverfias
285 1636 334 1713 ad
366 1633 447 1716 haec
478 1637 603 1733 etiam·
633 1637 796 1744 Europae
824 1634 910 1713 loca
940 1635 1208 1744 propagandas

58 1742 334 1853 interpretatus
354 1746 424 1827 est.

118 1853 273 1936 Verbm
292 1884 420 1964 neque
439 1858 480 1936 in
504 1855 699 1936 foederum
724 1856 1057 1965 interpretatione,
1081 1883 1210 1963 neque

62 1963 211 2071 injure
231 1969 461 2048 commercii
484 1996 534 2047 ex
560 1969 637 2046 illis
666 1967 891 2059 foederibus,
915 1967 1037 2047 aliave
1062 1968 1210 2046 ratione

61 2073 234 2158 habendi
266 2078 499 2174 infistimus3
531 2080 637 2186 quafi
663 2080 703 2157 in
732 2082 779 2158 iis
809 2077 1064 2158 fundamenta
1095 2077 1210 2183 hujus

60 2187 205 2268 diffidii
217 2189 396 2295 jacienda
417 2188 623 2269 neccffarib
643 2190 729 2283 fint,
749 2217 842 2269 cum
858 2189 899 2268 id
914 2190 1130 2268 clariffimis
1149 2208 1210 2267 at·

62 2325 141 2406 que
170 2300 464 2382 evidentiffimis
501 2301 716 2380 rationibus
750 2303 911 2392 nitatur,
945 2300 1050 2406 quod
1080 2301 1210 2378 statim

60 2409 225 2518 planum
249 2412 453 2492 faciemus.
513 2413 613 2491 Sunt
637 2431 768 2491 tamen
788 2409 979 2515 ejusmodi
1003 2410 1205 2502 nonnulla,

61 2549 164 2629 quae,
184 2524 252 2603 etsr
272 2523 424 2603 bellum
443 2524 490 2602 iis
509 2521 666 2601 fundari
686 2550 764 2602 non
787 2524 841 2600 ita
861 2521 1006 2601 neceffiz
1026 2520 1095 2614 est,
1120 2520 1210 2629 pos·

62 2632 165 2726 sunt,
186 2662 313 2742 neque
332 2635 489 2738 injuria,
514 2634 798 2742 impedimenta
816 2632 890 2711 effe
910 2631 1120 2712 sanciendae
1141 2660 1211 2740 pa·

63 2745 134 2836 cis,
164 2764 231 2824 aut
252 2745 488 2824 instaurandi
514 2744 648 2823 saltem
679 2744 848 2836 foederis,
879 2745 920 2821 in
948 2770 1028 2850 quo
1057 2770 1101 2822 ea
1131 2770 1209 2822 non

62 2856 347 2949 conceduntur,
378 2856 442 2935 vel
469 2883 555 2963 quae
585 2857 627 2934 in
657 2855 851 2964 prioribus
882 2855 1005 2961 pactis
1035 2853 1209 2933 concessa

62 2963 166 3058 sunt,
193 2967 255 3045 vel
288 2993 367 3046 non
399 2964 600 3046 immeritb
634 2955 831 3074 expedari
863 2981 1027 3071 queunt.
1088 2967 1210 3068 Qtod

63 3077 185 3155 etiam
204 3106 277 3186 pro
296 3076 473 3186 responso
493 3076 567 3155 effe
587 3076 713 3185 potest
734 3076 782 3154 ad
810 3075 849 3153 id
876 3074 983 3182 quod
1008 3075 1208 3180 quaeritur,

64 3212 202 3294 quare,
221 3188 542 3295 quandoquidem
562 3190 722 3295 antiqua
742 3185 886 3265 foedera
906 3213 999 3264 cum
1018 3183 1103 3262 aliis
1122 3211 1212 3262 om-

64 3297 179 3378 nibus
202 3300 359 3408 populis
383 3299 746 3405 redintegravimus,
772 3297 879 3376 idem
902 3325 995 3376 cum
1015 3295 1210 3401 Hispaniae

65 3434 158 3515 rege
175 3436 253 3489 non
269 3409 452 3503 fecimus;
474 3437 602 3516 neque
621 3407 809 3489 continub
825 3435 895 3487 nos
914 3408 954 3485 in
975 3407 1212 3486 conditioni-

67 3517 140 3599 bus
158 3517 314 3601 foederis
333 3521 517 3600 dextrum
541 3521 622 3625 ejus
647 3521 824 3614 oculum,
850 3516 1056 3625 multdque
1081 3514 1213 3598 minbs

65 3630 201 3710 ambos
223 3633 345 3740 (quod
362 3631 561 3737 objicitur)
579 3632 659 3735 ejus
679 3631 812 3711 oculos
832 3629 1051 3740 postulasse,
1073 3628 1100 3705 fi
1120 3657 1211 3707 cru·

65 3739 263 3822 deliffimae
278 3744 519 3851 inquisrtioni
539 3743 700 3822 obnoxii
721 3742 809 3834 effe,
836 3740 905 3820 ubi
924 3741 1213 3819 commercium

66 3853 297 3958 permiffum
311 3850 868 3958 est,noluimus,dandt‘1mque
885 3850 997 3929 nobis
1011 3875 1210 3927 commer-

66 3961 177 4042 cium
204 3965 428 4058 institimus,
460 3965 579 4057 unde,
611 3992 738 4071 neque
763 3990 835 4071 per
863 3961 1023 4067 antiqua
1049 3956 1211 4051 foedera,

68 4099 197 4180 neque
219 4077 426 4155 communi
443 4076 546 4181 jure,
573 4074 807 4154 excludendi
833 4072 978 4150 sumus.
1037 4069 1214 4149 Tametfi

67 4185 175 4264 enim
189 4213 259 4266 rex
274 4186 468 4294 Hspauiae
483 4187 523 4264 id
540 4185 700 4294 sumpfit
716 4184 784 4264 fibi
797 4202 842 4262 ut
856 4182 969 4262 nobis
983 4181 1215 4261 commercii

66 4294 173 4402 leges
202 4295 374 4406 finesque
404 4297 678 4406 praescriberet,
714 4295 874 4376 Romani
904 4291 1100 4403 pontificis
1127 4291 1214 4396 lege

66 4407 239 4513 quadam
258 4408 395 4504 fretus,
415 4436 494 4517 qua
513 4409 545 4489 is
561 4436 679 4491 omne
699 4409 987 4489 commercium
1001 4430 1095 4484 cum
1112 4399 1217 4482 Tur·
