2956 4980
276 218 509 347 Scriptum
537 218 681 308 Dom.
712 216 1001 309 Protestoris.
1140 231 1218 339 365

65 405 150 484 ullo
170 404 292 484 modo
305 405 370 509 jus
390 402 626 512 posleffionis
650 405 833 496 retinere,
864 423 972 483 tanto
1002 405 1220 486 evidentius

60 518 127 623 jus
148 516 327 596 nostrum
351 517 398 596 iis
423 518 464 595 in
490 516 587 594 locis
607 514 699 609 fuit,
729 533 769 594 et
794 515 1043 624 Hispanorum
1072 517 1220 623 injuriae

67 628 182 708 nobis
211 628 327 707 illatae
350 627 458 708 tantb
487 628 722 736 apertiores3
753 627 801 707 iis
830 627 1041 735 praesertim
1062 629 1100 707 in
1122 630 1219 710 locis

67 768 155 849 quae
170 741 306 820 indicti
323 741 506 846 utrinque
519 739 614 818 belli
628 760 805 847 tempore
818 735 1008 848 occupata
1021 738 1109 819 sunt
1122 741 1220 850 (quo

68 855 110 931 in
125 880 269 959 genere
283 850 539 932 Providentiae
555 851 677 930 insula
692 871 809 959 atque
825 847 1003 957 Tortugae
1017 851 1109 959 fuit)
1123 881 1219 960 quas

71 964 279 1074 siHispani
294 963 376 1043 suas
394 963 468 1043 esse
488 964 571 1042 ullo
589 965 719 1072 priore
741 963 856 1042 titulo
877 965 1048 1044 necdum
1067 966 1220 1074 prolato

70 1077 272 1156 ostendere
297 1076 521 1185 potuissent,
548 1095 679 1154 tamen
705 1103 799 1155 cum
825 1077 866 1153 in
893 1078 1001 1185 pacis
1028 1078 1220 1185 proximae

69 1189 299 1269 tractatione
321 1189 360 1267 id
382 1215 460 1267 non
485 1185 664 1280 fecerint,
684 1215 755 1296 per
779 1187 994 1267 secundum
1016 1187 1097 1292 ejus
1125 1191 1220 1269 arti-

69 1300 209 1380 culum
229 1302 348 1380 talem
363 1327 525 1378 onmem
543 1318 778 1408 praetextum
795 1299 866 1409 ipsr
879 1299 947 1378 fibi
964 1302 1005 1377 in
1019 1301 1220 1407 posterum

70 1431 341 1523 amputarunt,
354 1410 495 1519 jusque
514 1412 584 1520 ipsr
605 1409 775 1504 suum,fi
795 1413 902 1519 quod
922 1432 1018 1505 erat,
1039 1414 1221 1493 extinxe-

71 1544 177 1605 runt.

129 1638 224 1716 Hoc
243 1655 523 1744 argumentum
542 1633 735 1744 copiofilrs
756 1639 917 1715 trastare
940 1632 1039 1713 nihil
1056 1639 1218 1734 attinet;

73 1775 200 1856 neque
221 1750 277 1828 est
296 1748 505 1857 quisquam
520 1776 651 1828 rerum
666 1748 814 1856 peritus
828 1750 925 1854 quin
941 1744 1056 1827 facile
1070 1749 1220 1858 perspi-

72 1862 165 1953 ciat,
196 1858 317 1970 quam
340 1862 473 1939 inanes
497 1879 613 1968 atque
642 1857 805 1938 infirmae
830 1860 902 1939 sint
929 1859 1007 1938 istae
1039 1862 1221 1954 rationes,

72 1971 217 2080 quibus
237 1974 396 2052 innixus
416 1971 608 2081 Hffioanus
628 1992 708 2050 tam
728 1972 909 2051 immenfi
931 1974 1072 2051 tractus
1093 1974 1222 2084 impe-

72 2085 178 2164 rium
217 2111 397 2192 arrogare
435 2083 506 2163 fibi
545 2084 614 2164 soli
648 2110 725 2162 non
760 2083 926 2163 dubitat.
989 2082 1144 2165 Verbm
1183 2087 1225 2166 id

73 2197 245 2303 egimus,
276 2216 320 2276 ut
345 2194 581 2275 obtentuum
615 2195 779 2275 istorum
809 2195 1053 2275 debilitatem
1090 2199 1224 2303 paucis

73 2308 330 2417 aperiremus,
350 2307 493 2416 quibus
511 2305 686 2416 Htspani,
702 2307 892 2415 quicquid
912 2307 954 2384 in
974 2334 1043 2386 nos
1062 2307 1224 2416 indigne

73 2440 191 2527 atque
222 2421 405 2501 atrociter
436 2422 476 2499 in
514 2418 749 2500 occidentali
780 2417 891 2498 India
923 2419 1221 2515 commiserunt,

72 2530 284 2611 defendere
308 2552 523 2624 conantur3
555 2531 878 2640 mancipationes,
908 2529 1122 2639 suspendia,
1153 2534 1223 2612 de-

75 2642 572 2752 merfiones,cruciatusque
585 2643 805 2723 nostrorum
818 2640 1029 2722 hominum
1039 2671 1084 2723 ac
1094 2673 1222 2739 neces,

73 2755 237 2834 navium
255 2784 300 2835 ac
315 2756 512 2836 bonorum
529 2756 790 2863 spoliationes,
806 2754 1052 2834 coloniarum
1071 2755 1224 2836 summa

74 2868 116 2946 in
141 2896 239 2978 paee
264 2868 602 2977 depopulationes,
630 2866 882 2975 idquenulla
907 2867 1059 2975 prorsus
1083 2868 1224 2973 injuria

75 2979 221 3073 affes’ri,
243 3000 287 3060 ut
310 2981 528 3087 Anglicana
554 3005 664 3086 gens,
691 2979 845 3086 quoties
870 2974 953 3057 haec
981 2997 1062 3058 tam
1086 2980 1224 3060 acerba

73 3111 192 3200 atque
212 3093 357 3172 atrocia
376 3093 417 3170 in
437 3091 552 3172 suum
571 3086 815 3198 sanguinem,
835 3108 875 3168 et
894 3089 1067 3194 ejusdem
1087 3088 1219 3171 ortho-

73 3201 188 3283 doxae
206 3202 297 3283 sidei
317 3204 501 3296 cultores,
517 3221 739 3312 perpetrata
755 3203 995 3295 meminerit,
1014 3230 1091 3282 non
1108 3231 1223 3284 naves

75 3313 235 3395 bellicas
255 3315 317 3393 sed
337 3316 456 3395 decus
477 3315 589 3393 suum
609 3340 728 3394 omne
752 3311 987 3393 obsolescere
1006 3333 1046 3393 et
1064 3315 1223 3397 interire

74 3426 279 3534 cogitet,s1
300 3424 361 3505 his
381 3427 655 3534 indignissimis
674 3425 800 3506 modis
817 3426 970 3505 trastari
986 3424 1061 3506 sese
1076 3425 1224 3508 diutius

74 3565 187 3646 equo
201 3538 335 3617 animo
349 3540 542 3648 patiatur3
565 3566 691 3646 neque
707 3534 833 3617 solbm
851 3556 955 3617 tanta
971 3566 1016 3618 ac
1032 3556 1113 3619 tam
1127 3568 1226 3650 opu·

75 3649 181 3730 lenta
190 3649 295 3729 orbis
307 3670 499 3731 terrarum
510 3670 619 3758 parte
630 3650 837 3755 contrajus
851 3651 1032 3758 legesque
1044 3652 1225 3759 gentium

74 3789 308 3842 communes
323 3761 370 3840 ab
384 3763 494 3842 omni
511 3761 635 3841 libero
648 3764 890 3841 commercio
904 3761 1225 3855 excludi,verbm

74 3875 196 3954 etiam
212 3901 284 3983 pro
300 3874 434 3982 piratis
450 3893 566 3981 atque
582 3873 828 3984 praedonibus
844 3870 994 3965 haberi,
1006 3874 1226 3983 eodemque

75 3986 271 4096 supplicio
291 3986 425 4092 plecti,
443 3986 470 4065 fi
490 3986 557 4065 illa
576 3987 698 4065 maria
717 3986 913 4092 navigare,
930 3984 957 4063 fi
976 3985 1039 4063 vel
1056 3984 1226 4094 aspicere

75 4099 139 4177 vel
163 4098 343 4208 aspirare,
369 4098 587 4207 fidenique
608 4097 670 4176 vel
696 4123 790 4176 cum
817 4095 954 4176 nostris
981 4096 1039 4174 ibi
1062 4098 1227 4181 coloniis

76 4210 192 4289 usum
211 4211 387 4318 aliquem
406 4228 474 4289 aut
492 4209 781 4289 commercium
798 4206 943 4288 habere
963 4207 1052 4287 ausa
1071 4207 1203 4290 suerit.

133 4324 199 4403 De
224 4321 474 4429 inquisrtione
501 4320 707 4430 Hspanica
732 4320 976 4428 sanguinaria
1000 4317 1100 4399 nihil
1125 4323 1227 4401 dici-

73 4462 178 4528 mus,
215 4434 514 4513 inimicitiarum
556 4432 666 4513 causa
707 4433 889 4512 universrs
928 4433 1228 4542 protestantibus
