2956 4980
162 225 236 305 182
506 216 630 309 Petri
656 216 797 311 Rami
821 216 944 311 Vita.

158 387 337 467 credibili
367 387 581 469 constantia
610 391 766 499 perexit
795 410 836 469 et
865 389 1088 499 peroravit:
1121 413 1201 495 qua
1232 381 1293 488 eju
1324 436 1356 458 Α

161 498 306 579 virtute
340 500 573 581 consternati
609 502 776 592 inimici,
805 501 846 579 in
880 501 1081 609 posterum
1110 498 1247 577 minus
1275 523 1356 574 eea

162 611 346 691 molestiae
365 610 642 692 exhibuerunt.
685 613 732 691 In
754 611 1052 720 Heidelbergerfi
1066 611 1190 690 etiam
1210 609 1341 686 Am-

160 722 305 815 demia,
322 724 511 833 principis
530 724 736 804 autoritate
755 724 803 804 ad
823 723 1089 834 profitendum
1108 720 1313 812 adductus,

161 834 380 914 consimiles
404 836 638 914 amulorum
668 837 858 915 clamores
887 836 1033 915 invidlo
1062 836 1199 913 animo
1227 858 1313 936 per-

161 946 266 1024 tulit.
326 945 520 1026 Adversus
544 946 678 1026 dodtos
707 948 858 1054 aliquot
881 944 1062 1026 homines
1084 946 1307 1034 Gauranum,

166 1054 417 1149 Gallandium,
458 1057 687 1151 Perianium,
726 1056 953 1153 Turnebum,
994 1056 1309 1146 Melansshanun,

163 1168 248 1276 pari
269 1159 420 1247 file‘ntio
439 1169 495 1248 est
516 1169 617 1250 usus.
677 1171 834 1277 Viginti
854 1172 964 1250 annis
983 1168 1195 1248 abstemius
1223 1164 1310 1257 suit,

162 1279 288 1359 donec
308 1279 477 1360 sanitatis
496 1280 608 1361 causa
627 1282 772 1362 medici
791 1282 884 1360 vino
900 1282 958 1361 uti
977 1279 1200 1359 suaserunt:
1232 1277 1312 1355 vini

163 1390 271 1471 enirn
306 1389 507 1473 fastidium
542 1411 698 1503 ceperat
731 1421 782 1473 ex
815 1421 896 1500 quo
933 1388 1060 1471 infans
1094 1392 1137 1470 in
1171 1387 1315 1468 cellam

163 1502 354 1583 vinariam
388 1505 489 1585 clam
517 1505 743 1615 parentibus
773 1506 961 1614 irrepens,
992 1501 1029 1581 se
1059 1520 1141 1580 tam
1165 1500 1317 1578 immo-

163 1612 250 1693 dice
275 1616 547 1722 ingurgitavit,
573 1636 617 1696 ut
641 1635 800 1696 mortuo
825 1616 959 1695 fimilis
982 1612 1099 1693 humi
1122 1611 1317 1720 reperire-

164 1742 241 1803 tur.
305 1728 383 1806 Pro
413 1728 559 1807 lestulo
591 1727 810 1807 stramentis
840 1728 890 1807 ad
917 1726 1158 1806 senestutem
1191 1722 1318 1832 usque

164 1835 252 1914 usus
272 1837 340 1916 est.
383 1838 540 1919 Coelebs
560 1859 641 1920 tota
660 1841 741 1919 vita
765 1837 987 1949 permanfit.
1028 1835 1177 1917 Praelei
1195 1861 1321 1943 gym-

165 1947 257 2025 nafii
278 1947 409 2029 labore
431 1951 519 2057 (qui
547 1951 618 2059 ipfi
639 1951 716 2030 fine
736 1952 819 2031 ullo
838 1949 1000 2060 publico
1018 1947 1215 2058 stipendio
1236 1965 1321 2025 erat

165 2058 386 2168 mandatus)
416 2080 622 2141 contentus
646 2059 736 2142 fuit.
797 2063 834 2141 A
862 2060 1061 2171 discipulis
1085 2059 1161 2138 suis
1184 2057 1321 2137 oblata

164 2197 340 2266 munera,
360 2173 540 2280 quamvis
559 2173 705 2266 debita,
726 2193 858 2254 tamen
879 2200 957 2252 non
976 2172 1141 2280 accepit.
1177 2170 1318 2247 Anno.

169 2283 290 2387 1556,
313 2284 592 2365 Ciceronianam
610 2283 735 2363 edidit
758 2285 807 2363 de
828 2285 996 2392 Optima
1015 2281 1236 2387 juventutis
1256 2284 1321 2359 in-

164 2391 364 2474 stituendae
376 2397 535 2478 ratione.
567 2396 933 2476 Pronuntiationem
945 2395 1094 2475 Latinae
1107 2393 1258 2499 linguae
1276 2393 1320 2471 in

163 2504 378 2586 Academia
399 2506 602 2613 Parfieafi
621 2526 715 2587 tunc
735 2509 923 2615 temporis
949 2503 1319 2614 inquinatissimam,

163 2615 385 2721 corrigendi
397 2617 539 2696 author
551 2618 786 2728 cumprimis
798 2617 888 2712 fuit,
909 2613 1213 2710 reclamantibus
1225 2616 1323 2696 licet

167 2725 393 2836 Sorbanistis,
424 2757 632 2839 pravarum
658 2731 841 2809 omnium
866 2727 1194 2808 consuetudinum
1222 2754 1321 2835 pro·

164 2840 447 2947 pugnatoribus
470 2859 551 2919 tam
570 2840 786 2935 obstinatis,
803 2860 848 2920 ut
864 2840 1101 2921 sacerdotem
1115 2837 1321 2945 quendam

166 2970 314 3029 novatae
334 2953 661 3059 pronuntiationis
680 2980 813 3032 coram
842 2950 973 3030 senatu
995 2949 1199 3055 Parrstenfi
1224 2950 1320 3029 infi-

165 3062 490 3170 mulatum,quas1
502 3063 553 3142 ob
565 3062 738 3156 haeresrn,
751 3082 794 3142 ut
806 3062 973 3156 aiebant,
983 3061 1318 3155 Grammaticam,

164 3173 409 3281 amplislimis
423 3175 676 3283 proventibus
692 3173 955 3255 ecclesiasticis
970 3172 1206 3283 privandum
1218 3199 1320 3252 con-

166 3284 390 3364 tenderent:
421 3305 459 3365 et
479 3286 547 3365 lite
567 3285 729 3392 quidem
753 3286 967 3395 superiores
986 3284 1219 3364 videbantur
1239 3283 1320 3363 dis·

164 3394 316 3488 cessuri,
338 3396 407 3475 nis1
430 3399 478 3475 P.
502 3399 644 3476 Ramus
662 3399 868 3505 ceterique
887 3395 1115 3505 professores
1140 3395 1245 3502 regii
1267 3394 1319 3474 ad

164 3508 315 3587 curiam
349 3509 613 3601 convolantes,
638 3509 780 3614 judicii
811 3527 892 3587 tam
923 3508 1041 3588 alieni
1066 3505 1319 3586 insolentiam

164 3615 421 3698 dissuasrffent.
482 3617 635 3698 Verium
658 3621 763 3699 illius
792 3621 980 3728 temporis
1000 3638 1082 3699 tam
1106 3616 1223 3698 crassa
1254 3620 1318 3725 ig-

164 3732 338 3808 norantia
359 3728 449 3822 suit,
466 3749 510 3810 ut
529 3731 636 3810 libris
656 3732 769 3811 editis
789 3731 992 3840 proditum
1013 3731 1071 3823 stt,
1089 3731 1130 3809 in
1145 3756 1192 3808 ea
1206 3730 1317 3809 Aca-

165 3839 296 3920 demia
315 3842 490 3921 dodtores
510 3841 691 3936 extitisse,
716 3843 786 3952 qui
815 3844 1014 3923 mordicus
1042 3839 1316 3949 defenderent,

165 3978 228 4058 ega
251 3970 353 4031 amat
379 3973 459 4032 tam
482 3955 736 4035 commodam
767 3954 945 4062 syntaxin
976 3953 1066 4047 esse,
1095 3949 1220 4061 qudm
1251 3981 1317 4058 ega

163 4091 242 4142 ana
253 4093 267 4154 ;
288 4065 336 4142 ad
356 4064 521 4172 eamque
534 4067 790 4176 pertinaciam
802 4065 1159 4175 comprimendam,
1172 4060 1318 4144 autho·

165 4174 277 4253 ritate
310 4176 466 4282 publica
493 4205 592 4286 opus
623 4177 748 4257 fuisse.
808 4179 855 4257 In
888 4174 1188 4258 Mathematicis
1217 4175 1319 4284 quid

164 4285 339 4366 effecerit
372 4289 527 4382 Ramus,
558 4288 707 4368 Scholae
727 4289 1023 4370 Mathematicae
1050 4283 1204 4395 alisque
1232 4286 1318 4392 ejus

163 4425 281 4505 opera
302 4399 499 4480 testantur.
561 4404 620 4480 Ea
639 4402 913 4496 meditantem,
939 4401 1034 4481 belli
1057 4399 1187 4480 civilis
1210 4399 1316 4479 cala-
