2956 4980
403 109 568 205 Literae
594 113 787 204 Senatus
812 104 1080 238 Anglicani.
1239 143 1315 224 199

164 275 252 360 sunt
270 281 332 376 ed,
357 281 437 390 qua
455 310 526 392 par
545 281 615 376 est,
637 282 785 362 ratione
804 281 1026 361 consultum
1045 301 1163 391 atque
1183 282 1316 390 provi-

168 388 252 471 sum
270 393 456 503 tantisper
482 395 527 475 fit
549 421 748 501 rogamus,
775 393 901 474 donec
926 392 1105 502 responso
1130 395 1178 473 ad
1203 393 1314 474 hasce

169 499 310 598 literas,
339 505 367 585 fi
392 505 475 584 fieri
503 506 644 616 potest,
671 504 804 585 secum
828 506 971 599 ablat0,
1000 506 1130 585 vestrae
1160 508 1315 615 pietatis

171 633 279 726 atque
293 616 453 722 justitia
473 620 585 699 testes
603 620 651 698 ad
670 645 739 698 nos
759 646 880 726 quam
900 613 1078 729 primirm
1098 619 1297 698 redierint.

247 729 567 838 Wtjllmonasterio.
626 732 726 811 Dat.
748 730 814 811 28.
836 730 966 840 Junii.
995 731 1113 838 1650.

160 1113 464 1222 Escellentffmo
478 1117 636 1199 Domino
648 1118 825 1199 Antonio
842 1117 987 1221 Joanni
1003 1114 1207 1197 Ludovico
1219 1113 1261 1195 de
1275 1115 1314 1195 la

217 1225 356 1321 Cerdo,
371 1228 537 1309 Medinae
550 1230 634 1309 celi
644 1230 762 1322 Duci,
776 1229 987 1310 Andalitiae
1000 1226 1162 1334 Praestdi
1170 1258 1184 1318 ;
1215 1231 1313 1306 Con-

155 1346 158 1351 '
198 1338 334 1447 filium
351 1339 485 1422 Status
506 1341 747 1422 Parlamenti
761 1341 919 1450 Angliae
937 1341 1168 1421 authoritate
1185 1339 1315 1448 coryli·

214 1468 354 1547 tutum,
376 1452 565 1533 Salutem.

273 1618 481 1728 Ccipimus
505 1620 553 1700 ab
582 1620 845 1700 Ornatiffimis
865 1620 971 1699 Viris
999 1647 1098 1728 quos
1126 1645 1251 1727 nuper
1274 1615 1315 1694 in

291 1733 568 1839 Portugalliam
580 1732 629 1812 ad
640 1731 925 1843 persequendos
938 1732 1169 1841 proditores,
1180 1729 1315 1837 resque

164 1842 306 1923 nostras
327 1849 553 1954 repetendas
572 1873 667 1925 cum
686 1844 798 1924 classe
822 1843 1013 1938 mifimus,
1036 1843 1072 1924 se
1096 1843 1144 1921 ab
1164 1840 1315 1950 Ampli-

162 1953 286 2036 tudine
303 1958 445 2065 Vestra,
459 1959 612 2065 quoties
628 1958 796 2065 contigit
812 1975 855 2036 ut
874 1956 1065 2037 Gallaeciae
1079 1983 1190 2034 oram
1206 1954 1315 2059 lege·

160 2086 260 2162 rent,
280 2095 367 2176 quae
384 2067 613 2178 praesedlura
632 2067 755 2148 vestra
774 2069 843 2163 est,
864 2087 904 2148 et
924 2065 1219 2178 perhumaniter
1237 2065 1316 2144 illis

158 2181 353 2288 portubus
369 2199 555 2290 exceptos
570 2180 697 2274 fuisse,
711 2200 750 2260 et
765 2182 812 2261 iis
825 2180 939 2261 rebus
951 2180 1135 2260 omnibus
1151 2179 1316 2282 adjutos,

159 2319 248 2399 quae
269 2293 542 2400 navigantibus
563 2292 649 2374 usui
669 2293 791 2374 solent
809 2292 897 2373 esse.
958 2294 1009 2372 Ei
1030 2291 1153 2370 vestra
1172 2287 1316 2369 huma·

158 2405 276 2498 nitas,
292 2432 385 2484 cum
406 2424 585 2514 pergrata
604 2404 716 2486 nobis
735 2406 846 2495 omni
866 2423 1046 2514 tempore
1066 2402 1209 2496 suisset,
1229 2420 1315 2480 tum

157 2516 217 2596 est
235 2543 341 2597 nunc
361 2517 568 2627 praecipud,
585 2545 680 2597 cum
699 2518 868 2598 aliorum
889 2519 1072 2626 iniquum
1088 2517 1127 2595 in
1142 2541 1212 2594 nos
1229 2513 1315 2594 ani·

157 2656 277 2709 mum
297 2629 407 2709 nullo
431 2632 574 2711 merito
599 2630 729 2709 nostro
754 2629 951 2738 aliquibus
973 2632 1014 2709 in
1038 2628 1134 2707 locis
1158 2626 1316 2735 experi-

159 2768 266 2820 mur.
328 2742 505 2824 Petimus
525 2745 657 2852 itaque
677 2742 744 2822 abs
765 2762 802 2822 te
823 2741 1058 2849 Illustriffime
1077 2739 1249 2832 Domine,
1271 2754 1315 2816 ut

155 2853 199 2932 in
219 2853 359 2933 eadem
379 2883 472 2962 erga
492 2883 561 2936 nos
580 2854 780 2934 voluntate
804 2882 849 2934 ac
867 2852 1139 2933 benevolentia
1158 2877 1315 2959 perma-

157 2993 253 3045 nere
267 2966 388 3047 velis:
410 2988 532 3077 utque
547 2967 684 3047 nostris
701 2965 944 3059 hominibus,
958 2965 1112 3073 quoties
1127 2961 1175 3041 ad
1191 2989 1237 3040 ea
1249 2960 1315 3039 lit·

157 3096 243 3158 tora
261 3105 376 3159 naves
391 3080 616 3190 appulerint
629 3106 701 3188 pro
717 3078 828 3158 solita
843 3074 1088 3157 humanitate
1103 3093 1169 3154 tua
1186 3071 1315 3152 favere

159 3207 201 3270 et
211 3190 439 3296 adjumento
450 3192 524 3273 esse
537 3219 695 3302 pergas:
726 3191 877 3299 tibique
892 3189 1118 3299 persuadeas
1131 3185 1232 3266 nihil
1245 3211 1316 3264 nos

158 3301 342 3383 beneficii
358 3304 445 3385 loco
461 3305 528 3385 abs
544 3325 581 3385 te
596 3322 728 3413 petere
739 3303 847 3411 quod
861 3330 939 3381 non
955 3301 1097 3381 eodem
1113 3299 1240 3379 studio
1253 3295 1316 3375 vel

160 3414 259 3493 Tibi
280 3416 342 3495 vel
362 3417 438 3497 tuis
458 3416 632 3511 reddere,
653 3414 858 3524 siquando
878 3414 1011 3495 srmilis
1031 3412 1179 3494 occafio
1199 3410 1311 3490 nobis

160 3526 332 3621 dabitur,
353 3530 478 3637 parati
498 3531 657 3609 erimus.

250 3640 571 3750 Westmonasterio.
631 3640 732 3721 Dat.
755 3663 795 3745 7.
820 3637 1001 3717 Novemb.
1030 3638 1149 3742 1650.

611 3752 759 3859 Signat.
784 3749 948 3828 Consilii
969 3748 1109 3854 srgillo,

781 3862 851 3969 Jo.
871 3859 1082 3968 Bradshaw
1104 3856 1255 3938 Praeses.
