2956 4980
327 172 491 299 Litera
518 201 711 302 Oliverii
736 202 1027 307 Protedtoris.
1174 222 1250 306 261

62 410 196 464 cum
214 413 294 466 non
311 388 385 468 sint
398 389 567 499 optimo,
585 389 671 470 satis
688 391 880 500 superque
898 393 1183 501 intelligimus:
1206 392 1255 471 In

57 523 182 604 <luo
205 499 274 578 etfi
297 527 438 610 pacem
457 502 639 596 vestram,
664 520 822 611 tamque
846 504 1078 585 diuturnum
1101 504 1252 584 Sociale

68 606 230 690 sedus
250 631 416 721 ruptum
433 613 628 706 dolemus,
650 632 782 693 tamen
807 643 900 694 cum
927 617 967 696 id
986 616 1111 695 vestral
1135 615 1254 724 culpa

65 745 353 830 :sequaquam
372 723 549 804 accidisse
569 744 767 834 appareat,
787 754 930 807 novam
950 726 1045 808 hinc
1064 726 1175 807 vobis
1202 753 1253 806 ex

62 831 426 915 Adversariorum
463 837 671 944 iniquitate
705 856 746 917 et
779 840 991 946 pertinacia
1019 838 1253 918 illustrandae

79 939 358 1041 fortitudinis,
378 948 678 1056 constantiaeque
703 949 835 1028 vestrae
859 952 900 1029 in
921 951 1155 1058 Evangelica
1175 949 1252 1029 fide

37 1050 177 1155 jam
191 1058 292 1137 olim
307 1062 473 1169 cognitae
487 1060 615 1168 parari
635 1060 761 1141 rursus
775 1062 982 1142 materiem
998 1061 1248 1142 confidimus.

96 1166 213 1249 Nam
234 1170 430 1276 Saitensts,
451 1174 522 1280 qui
543 1171 799 1280 Religionem
819 1173 991 1254 nostram
1011 1175 1038 1254 si
1058 1175 1145 1282 quis
1165 1200 1252 1252 am·

88 1278 308 1468 plestatur,
341 1283 521 1393 Capitale
540 1283 711 1378 censent,
735 1286 833 1393 quid
851 1285 1080 1380 moliantur,
1105 1285 1251 1393 quibus

126 1393 364 1475 ortatoribus
384 1413 465 1475 tam
480 1393 644 1475 hostiles
656 1397 823 1505 Spiritus
843 1397 884 1475 in
907 1396 1158 1478 orthodoxam
1173 1398 1252 1476 Re-

81 1501 262 1610 ligionem
277 1505 527 1616 susceperint,
544 1506 662 1586 latere
678 1510 881 1587 neminem
893 1509 1040 1618 potest,
1047 1508 1113 1587 cui
1130 1505 1250 1586 modo

90 1613 362 1725 indignissima
392 1619 461 1699 illa
497 1617 667 1700 fratrum
694 1620 916 1700 nostrorum
946 1623 989 1700 in
1020 1618 1249 1700 Pedemontio

95 1722 202 1809 facta
221 1728 368 1837 strages
387 1732 522 1811 animo
552 1730 728 1811 nondum
756 1732 919 1812 excidit.
980 1737 1249 1842 Qapropter,

97 1837 352 1922 Dilectiffimi
372 1843 524 1937 Amici,
548 1844 656 1951 quod
679 1841 807 1923 soletis
831 1844 922 1938 elle,
949 1843 1138 1953 aspirante
1159 1844 1251 1921 Deo

96 1947 218 2034 sortes
242 1954 388 2048 estote;
413 1954 504 2060 jura
528 1954 652 2033 vestra
670 1974 788 2062 atque
811 1953 973 2050 foedera,
999 1957 1127 2035 immo
1152 1979 1249 2034 con·

95 2060 263 2145 scientia
287 2065 523 2159 libertatem,
545 2067 879 2175 Religionemque
905 2066 1029 2176 ipsam
1052 2067 1251 2146 idolorum

96 2175 313 2259 cultoribus
327 2177 611 2258 obculcandam
630 2179 843 2258 concedere
859 2179 981 2258 nolite
997 2209 1007 2273 ;
1032 2177 1176 2285 vosque
1197 2176 1251 2258 ita

99 2306 231 2394 parate
247 2307 292 2370 ut
308 2316 386 2370 non
402 2317 475 2400 pro
504 2289 569 2368 riae
583 2289 774 2369 duntaxat
786 2289 975 2370 libertatis
991 2308 1108 2396 atque
1121 2288 1252 2368 salutis

98 2420 410 2509 propugnatores
424 2318 502 2480 etsi
512 2402 741 2495 videamini,
754 2400 818 2480 sed
833 2420 878 2480 ut
892 2400 1075 2481 fratribus
1089 2425 1249 2508 quoque

98 2508 251 2606 vicinis,
274 2512 553 2594 Pedemontanis
571 2513 783 2623 praesertim
808 2512 885 2593 illis
909 2511 1249 2604 aerumnofiffimis,

97 2622 241 2728 quibus
264 2625 424 2733 potestis
445 2624 575 2718 rebus,
595 2626 780 2733 opitulari
800 2644 917 2732 atque
938 2624 1063 2705 adesse
1090 2622 1247 2734 positis:

99 2728 175 2814 hoc
201 2735 311 2816 certo
335 2737 500 2846 persuasr
526 2765 597 2847 per
620 2737 782 2816 illorum
805 2764 969 2846 corpora
994 2766 1039 2817 ac
1067 2762 1179 2814 neces
1203 2732 1250 2812 ad

99 2846 222 2927 vestra
245 2849 364 2928 latera
391 2849 506 2929 illum
531 2876 657 2958 nuper
679 2850 831 2928 aditum
855 2847 966 2927 fuisse
991 2845 1247 2956 patefactum.

101 2956 249 3039 Deme
275 2959 426 3054 scitote,
453 2960 770 3040 incolumitatem
795 2961 961 3039 vestram
990 2958 1126 3065 resque
1139 2954 1248 3065 pros-

98 3094 207 3176 peras
228 3098 306 3151 non
326 3070 458 3153 minirs
478 3069 581 3150 mihi
596 3099 697 3151 curae
717 3099 761 3151 ac
779 3069 1017 3151 solicitudini
1036 3068 1110 3148 esse
1126 3065 1248 3174 quam

97 3180 122 3259 fi
141 3183 183 3261 in
203 3181 278 3263 hac
294 3185 420 3264 nostra
441 3185 547 3292 Rep.
565 3202 746 3263 coortum
767 3181 842 3263 hoc
863 3183 1105 3272 incendium,
1125 3204 1248 3287 quam

97 3292 121 3372 fi
140 3296 182 3374 in
201 3295 348 3376 nostras
367 3298 540 3376 cervices
558 3296 749 3405 expeditae
765 3296 983 3401 Suitenssum
1003 3292 1153 3372 secures
1172 3290 1248 3368 illae

101 3404 227 3510 (sicuti
252 3409 384 3488 reveri
410 3408 497 3487 sunt
523 3409 565 3486 in
591 3435 727 3486 omnes
752 3406 1022 3511 Reformatos)
1048 3403 1248 3509 strisiique

98 3517 202 3598 enses
222 3519 354 3601 essent.
415 3521 477 3600 Ut
496 3521 673 3629 primum
690 3519 821 3627 itaque
841 3516 989 3598 ivobis
1005 3517 1054 3596 de
1071 3517 1169 3595 statu
1190 3542 1249 3593 re-

98 3656 186 3708 rum
205 3631 435 3727 vestrarum,
453 3649 494 3711 et
508 3631 701 3711 obstinato
718 3629 892 3710 hostium
910 3631 1044 3709 animo
1064 3625 1249 3707 certiores

99 3737 189 3822 faoi
209 3741 357 3837 sumus,
381 3741 567 3823 adhibitis
592 3743 633 3821 in
655 3742 874 3822 Consilium
898 3742 990 3820 viris
1009 3736 1247 3848 quibusdam

97 3849 369 3935 honestisfimis
382 3855 609 3935 etEcclesrae
621 3853 970 3963 aliquotMinistris
983 3854 1128 3961 pietate
1141 3848 1249 3957 spec-

97 3967 301 4061 tatiffimis,
327 3967 375 4047 de
396 3967 562 4047 subsidio
581 3966 690 4046 vobis
710 3967 919 4059 mittendo,
943 3983 1137 4072 quantum
1157 3962 1249 4068 qui·

96 4076 187 4157 dem
219 4079 387 4160 rationes
418 4078 553 4159 nostrae
579 4078 621 4156 in
651 4077 849 4187 praesentia
871 4076 974 4156 serre
1005 4075 1172 4185 possunt,
1203 4101 1249 4152 ea

94 4188 354 4285 decrevimus,
382 4219 468 4298 quae
493 4189 792 4269 Commissarius
819 4190 947 4268 noster
968 4187 1097 4267 Pellus
1123 4183 1250 4264 vobis-
1380 4223 1385 4230 ·

94 4327 189 4382 cum
202 4301 528 4383 communicabit.
580 4303 645 4381 De
659 4320 796 4381 caetero
810 4300 932 4380 vestra
944 4299 1078 4378 omnia
1092 4295 1250 4376 confilia

92 4413 328 4526 causamque
359 4413 554 4523 imprimis
584 4411 684 4495 hanc
706 4413 872 4494 vestram
895 4410 1143 4518 justissimam
1174 4408 1249 4488 five
