2956 4980
273 132 438 232 Literae
465 132 692 234 Richardi
718 135 1008 236 Protectorisss
1136 175 1210 257 341

56 306 116 386 H
101 305 226 416 spano
239 309 445 388 vidtoriam
465 311 663 438 gratuler:
684 338 763 418 qua
780 338 859 389 non
879 310 927 390 ad
941 309 1107 388 vestram
1127 326 1212 389 tan·

57 422 284 515 tummod0‚
304 448 443 500 verum
468 422 590 501 etiam
615 423 664 501 ad
683 426 846 530 Europae
865 423 984 502 totius
1008 447 1148 528 pacem
1168 448 1213 500 ac

58 529 371 638 respirationem,
391 559 671 640 permagnum,
692 552 809 642 atque
831 534 873 610 in
893 532 1039 612 multos
1058 530 1212 612 sortaffe

57 668 194 737 annos,
215 643 379 723 allatum
398 643 472 722 esse
492 663 744 724 momentum
767 670 886 722 nemo
905 643 961 723 est
980 643 1077 750 quin
1096 643 1211 721 intel-

56 752 169 858 ligat.
227 755 415 834 Alterum
433 754 524 833 est
512 783 553 834 m
573 784 653 864 quo
673 756 926 835 vietoriarum
952 754 1210 833 certissimum

57 866 202 972 pignus
216 866 410 971 justitiam
429 865 644 975 Majsstatis
665 868 803 975 Vestra
822 865 1042 971 agnoscam,
1062 892 1140 972 qua
1159 893 1210 944 ex

56 976 223 1055 articulo
243 975 400 1057 soederis
422 1001 488 1079 24.
510 1007 580 1087 per
599 977 762 1059 arbitros
782 977 947 1057 Landim’
961 979 1085 1070 datos,
1103 1004 1209 1055 mer-

57 1088 255 1167 catoribus
275 1088 413 1168 nostris
433 1088 489 1167 est
514 1088 766 1183 satisfactum,
787 1117 959 1197 quorum
979 1115 1094 1167 naves
1114 1115 1209 1168 one-

57 1199 175 1279 rarias
195 1200 425 1305 Braſslienſss
445 1200 607 1281 Societas
624 1201 831 1280 conduxit.
855 1210 860 1222 '
876 1202 992 1279 Unus
1012 1198 1068 1279 est
1086 1201 1210 1279 Alex·

55 1308 174 1389 ander
192 1310 367 1405 Erucius,
388 1312 591 1392 Mercator
611 1311 860 1418 Londinerfis,
879 1312 959 1403 cui,
979 1307 1075 1389 cbm
1102 1311 1210 1389 navis

57 1421 155 1525 ej,us
186 1449 273 1530 quae
301 1419 395 1502 Tres
422 1425 584 1504 Fratres
609 1425 729 1530 vulgo
756 1424 996 1516 nominatur,
1023 1421 1209 1527 magistro
1287 1510 1289 1515 ,

56 1531 371 1639 Joannerkio,
384 1534 479 1614 duas
493 1555 758 1642 navigationes
769 1527 961 1614 condudta
972 1552 1209 1639 onerataque

54 1646 268 1738 navaverit,
257 1649 446 1782 pastum
466 1646 703 1755 stipendium
722 1644 937 1755 persolvere
957 1645 1127 1723 Societas
1147 1671 1209 1722 re-

54 1755 189 1836 cusat.
230 1753 327 1836 clim
359 1759 505 1836 caeteris
531 1759 602 1865 qui
630 1756 750 1836 semel
775 1775 931 1836 tantum
958 1756 1206 1862 navigarunt,

47 1865 290 1976 jampridem
310 1867 553 1978 persolutum
573 1870 631 1947 sit.
665 1868 786 1979 Qod
806 1895 876 1947 cur
895 1869 941 1947 fit
959 1865 1109 1946 fastum
1128 1894 1208 1945 non

56 1978 238 2108 intelligo
257 1981 327 2059 nisr
355 1980 382 2059 s1
408 2008 547 2060 eorum
567 1979 718 2084 judicio
746 1979 925 2059 mercede
955 1979 1111 2085 dignior
1138 1977 1208 2071 est,

56 2091 127 2218 qui
166 2091 286 2171 semel
323 2118 445 2199 quam
475 2092 545 2200 qui
583 2092 643 2169 bis
681 2092 882 2170 meruerit.
941 2090 1210 2168 Vehementer

55 2220 190 2310 itaque
210 2222 302 2310 peto
319 2231 340 2282 a
320 2200 555 2310 Majestate
569 2205 622 2282 V
603 2203 712 2310 stra
734 2222 778 2282 ut
797 2200 892 2281 huic
907 2228 976 2279 uni
964 2198 1210 2279 Alexandro

55 2339 122 2391 cur
111 2313 312 2422 duplum
330 2313 510 2408 debetur,
528 2315 660 2393 debita
683 2332 827 2393 navatae
850 2339 992 2447 operae
1001 2308 1209 2389 satisfadlio

56 2451 107 2503 ne
126 2423 267 2519 defiat3
298 2426 471 2534 velitque
491 2453 563 2534 pro
583 2423 818 2505 authoritate
839 2423 904 2502 sua
922 2449 1044 2529 quam
1063 2421 1209 2500 brevis-

56 2535 202 2615 fimum
221 2487 422 2617 solutionis
441 2538 550 2617 diem
568 2538 781 2644 damnique
802 2534 915 2614 simul
934 2534 1120 2613 sarciendi
1136 2535 1209 2613 So·

55 2648 127 2726 ciis
157 2649 273 2754 Brast
270 2647 437 2754 lierfibas
461 2649 719 2728 constituere:
757 2674 927 2775 quorum
958 2645 1210 2725 dilationibus

56 2758 245 2838 effectum
260 2759 316 2838 est
334 2779 380 2839 ut
398 2759 536 2839 datum
556 2760 647 2839 inde
663 2760 872 2838 mercatori
891 2757 1082 2836 damnum
1103 2782 1209 2834 mer-

57 2869 197 2948 cedem
216 2869 381 2979 ipsam
364 2898 450 2976 Jam
475 2898 577 2979 pene
605 2871 772 2978 superat
832 2872 944 2950 Deus
972 2867 1208 2973 Majsssatem

60 2982 225 3091 Vestram
245 2982 339 3061 laetis
359 3010 491 3061 rerum
507 2982 735 3063 succeffibus
747 3000 881 3062 contra
897 2978 1050 3059 hostem
1064 3005 1206 3086 augere

56 3093 181 3173 indies
200 3111 240 3172 et
258 3091 457 3173 fortunare
476 3114 627 3202 pergat.

113 3218 171 3296 W
164 3215 419 3325 estmanasterra
437 3246 483 3296 ex
502 3218 590 3296 Aul
585 3248 610 3297 a
628 3219 764 3326 nostra,

228 3352 295 3434 ²3·
314 3328 404 3409 Feb.
425 3332 507 3408 An.
534 3329 653 3436 1658.

57 3710 278 3794 Richardus
295 3715 494 3794 Protedlar
512 3714 620 3820 Reip.
641 3713 811 3819 Angliae,
827 3713 906 3793 &a
929 3714 1208 3821 Eminentiffimo

316 3825 474 3906 Domina
497 3825 697 3904 Cardinali
718 3825 944 3903 Mazarino.

111 3997 428 4077 Eminentiffime
448 3998 652 4091 Domine;

58 4108 198 4298 PEr
227 4110 357 4190 literas
387 4108 435 4188 ad
468 4108 716 4189 Eminentiam
746 4109 798 4186 V
785 4106 911 4215 stram
941 4112 1030 4187 ouo
1053 4110 1208 4188 circiter

168 4217 313 4300 abhinc
340 4221 595 4330 mensibusJ
596 4250 658 4300 un.
688 4247 750 4327 13.
771 4221 892 4313 datas,
920 4219 1075 4299 causam
1095 4221 1212 4302 Petri

54 4330 177 4426 Perti,
197 4334 274 4414 viri
297 4350 338 4414 et
365 4333 549 4441 singulari
577 4333 771 4443 probitate
797 4331 947 4442 praediti
972 4350 1012 4412 et
1036 4333 1206 4440 egregiis
