<?xml version="1.0" encoding="UTF-8"?>
<!DOCTYPE html PUBLIC "-//W3C//DTD XHTML 1.0 Transitional//EN"
    "http://www.w3.org/TR/xhtml1/DTD/xhtml1-transitional.dtd">
<html xmlns="http://www.w3.org/1999/xhtml" xml:lang="en" lang="en">
 <head>
  <title>
</title>
<meta http-equiv="Content-Type" content="text/html;charset=utf-8" />
  <meta name='ocr-system' content='tesseract 3.04.00' />
  <meta name='ocr-capabilities' content='ocr_page ocr_carea ocr_par ocr_line ocrx_word'/>
</head>
<body>
  <div class='ocr_page' id='page_1' title='image "./worksjohnmilton06miltgoog_0116.png"; bbox 0 0 2956 4980; ppageno 0'>
   <div class='ocr_carea' id='block_1_1' title="bbox 193 252 1312 385">
    <p class='ocr_par' dir='ltr' id='par_1_1' title="bbox 193 252 1312 385">
     <span class='ocr_line' id='line_1_1' title="bbox 193 252 1312 385; baseline 0.003 -36"><span class='ocrx_word' id='word_1_1' title='bbox 193 253 310 385; x_wconf 84' lang='lat' dir='ltr'>Cap.</span> <span class='ocrx_word' id='word_1_2' title='bbox 346 295 412 377; x_wconf 84' lang='lat'>33.</span> <span class='ocrx_word' id='word_1_3' title='bbox 513 252 701 351; x_wconf 81' lang='lat' dir='ltr'>Plenius</span> <span class='ocrx_word' id='word_1_4' title='bbox 726 255 974 354; x_wconf 87' lang='lat' dir='ltr'>Institutio.</span> <span class='ocrx_word' id='word_1_5' title='bbox 1243 300 1312 352; x_wconf 86' lang='lat'>101</span> 
     </span>
    </p>
   </div>
   <div class='ocr_carea' id='block_1_2' title="bbox 305 713 1173 825">
    <p class='ocr_par' dir='ltr' id='par_1_2' title="bbox 305 713 1173 825">
     <span class='ocr_line' id='line_1_2' title="bbox 305 713 1173 825; baseline 0.001 -32"><span class='ocrx_word' id='word_1_6' title='bbox 305 716 430 798; x_wconf 89' lang='lat' dir='ltr'><strong>CAP.</strong></span> <span class='ocrx_word' id='word_1_7' title='bbox 453 716 660 796; x_wconf 90' lang='lat' dir='ltr'><strong>XXXIII.</strong></span> <span class='ocrx_word' id='word_1_8' title='bbox 692 718 756 797; x_wconf 88' lang='lat' dir='ltr'>De</span> <span class='ocrx_word' id='word_1_9' title='bbox 777 713 985 825; x_wconf 78' lang='lat' dir='ltr'>Testimonio</span> <span class='ocrx_word' id='word_1_10' title='bbox 1005 717 1173 796; x_wconf 86' lang='lat' dir='ltr'>humano.</span> 
     </span>
    </p>
   </div>
   <div class='ocr_carea' id='block_1_3' title="bbox 141 872 1317 4559">
    <p class='ocr_par' dir='ltr' id='par_1_3' title="bbox 170 872 1315 1318">
     <span class='ocr_line' id='line_1_3' title="bbox 183 872 1315 1003; baseline 0.003 -51"><span class='ocrx_word' id='word_1_11' title='bbox 183 933 253 974; x_wconf 45' lang='lat' dir='ltr'>r„</span> <span class='ocrx_word' id='word_1_12' title='bbox 280 872 633 1003; x_wconf 44' lang='lat' dir='ltr'>ngstimonium</span> <span class='ocrx_word' id='word_1_13' title='bbox 653 874 874 955; x_wconf 90' lang='lat' dir='ltr'>humanum</span> <span class='ocrx_word' id='word_1_14' title='bbox 890 874 960 969; x_wconf 91' lang='lat' dir='ltr'>est,</span> <span class='ocrx_word' id='word_1_15' title='bbox 981 877 1088 983; x_wconf 91' lang='lat' dir='ltr'>quod</span> <span class='ocrx_word' id='word_1_16' title='bbox 1108 873 1315 955; x_wconf 89' lang='lat' dir='ltr'>authorem</span> 
     </span>
     <span class='ocr_line' id='line_1_4' title="bbox 170 947 752 1103; baseline 0.005 -41"><span class='ocrx_word' id='word_1_17' title='bbox 170 947 253 1103; x_wconf 38' lang='grc' dir='ltr'><strong>ᾗῇ</strong></span> <span class='ocrx_word' id='word_1_18' title='bbox 280 973 339 1090; x_wconf 54' lang='grc' dir='ltr'>ἐξ</span> <span class='ocrx_word' id='word_1_19' title='bbox 392 982 511 1064; x_wconf 88' lang='lat' dir='ltr'>habet</span> <span class='ocrx_word' id='word_1_20' title='bbox 530 983 752 1065; x_wconf 88' lang='lat' dir='ltr'>hominem.</span> 
     </span>
     <span class='ocr_line' id='line_1_5' title="bbox 170 1063 1062 1242; baseline 0.001 -67"><span class='ocrx_word' id='word_1_21' title='bbox 170 1063 253 1235; x_wconf 45' lang='grc' dir='ltr'>(ᾗ</span> <span class='ocrx_word' id='word_1_22' title='bbox 280 1079 350 1242; x_wconf 41' lang='grc' dir='ltr'>ἰῇ</span> <span class='ocrx_word' id='word_1_23' title='bbox 420 1096 557 1206; x_wconf 87' lang='lat' dir='ltr'><em>Estque</em></span> <span class='ocrx_word' id='word_1_24' title='bbox 575 1126 756 1178; x_wconf 86' lang='lat' dir='ltr'>commune</span> <span class='ocrx_word' id='word_1_25' title='bbox 774 1116 844 1177; x_wconf 86' lang='lat' dir='ltr'>aut</span> <span class='ocrx_word' id='word_1_26' title='bbox 855 1100 1062 1207; x_wconf 84' lang='lat' dir='ltr'>proprium.</span> 
     </span>
     <span class='ocr_line' id='line_1_6' title="bbox 418 1208 1311 1318; baseline 0.002 -32"><span class='ocrx_word' id='word_1_27' title='bbox 418 1208 656 1290; x_wconf 88' lang='lat' dir='ltr'>Distributio</span> <span class='ocrx_word' id='word_1_28' title='bbox 675 1209 758 1289; x_wconf 89' lang='lat' dir='ltr'>haec</span> <span class='ocrx_word' id='word_1_29' title='bbox 772 1213 1018 1318; x_wconf 88' lang='lat' dir='ltr'>proponitur,</span> <span class='ocrx_word' id='word_1_30' title='bbox 1036 1238 1114 1290; x_wconf 93' lang='lat' dir='ltr'>non</span> <span class='ocrx_word' id='word_1_31' title='bbox 1133 1230 1177 1288; x_wconf 95' lang='lat' dir='ltr'>ut</span> <span class='ocrx_word' id='word_1_32' title='bbox 1195 1237 1311 1289; x_wconf 91' lang='lat' dir='ltr'>accu-</span> 
     </span>
    </p>

    <p class='ocr_par' dir='ltr' id='par_1_4' title="bbox 158 1316 1313 2179">
     <span class='ocr_line' id='line_1_7' title="bbox 159 1316 1313 1431; baseline 0.004 -38"><span class='ocrx_word' id='word_1_33' title='bbox 159 1333 245 1393; x_wconf 87' lang='lat' dir='ltr'>rata</span> <span class='ocrx_word' id='word_1_34' title='bbox 270 1316 402 1425; x_wconf 88' lang='lat' dir='ltr'>aliqua</span> <span class='ocrx_word' id='word_1_35' title='bbox 425 1320 560 1400; x_wconf 81' lang='lat' dir='ltr'>divisio</span> <span class='ocrx_word' id='word_1_36' title='bbox 592 1327 737 1430; x_wconf 91' lang='lat' dir='ltr'>(neque</span> <span class='ocrx_word' id='word_1_37' title='bbox 756 1323 873 1400; x_wconf 88' lang='lat' dir='ltr'>enim</span> <span class='ocrx_word' id='word_1_38' title='bbox 903 1323 1127 1401; x_wconf 83' lang='lat' dir='ltr'>testimonio</span> <span class='ocrx_word' id='word_1_39' title='bbox 1155 1323 1313 1431; x_wconf 90' lang='lat' dir='ltr'>propria</span> 
     </span>
     <span class='ocr_line' id='line_1_8' title="bbox 158 1426 1312 1542; baseline 0.006 -38"><span class='ocrx_word' id='word_1_40' title='bbox 158 1426 237 1533; x_wconf 85' lang='lat' dir='ltr'>est)</span> <span class='ocrx_word' id='word_1_41' title='bbox 253 1426 316 1508; x_wconf 89' lang='lat' dir='ltr'>sed</span> <span class='ocrx_word' id='word_1_42' title='bbox 336 1431 587 1513; x_wconf 74' lang='lat' dir='ltr'>utdistinerio</span> <span class='ocrx_word' id='word_1_43' title='bbox 602 1433 882 1542; x_wconf 87' lang='lat' dir='ltr'>qualiscunque</span> <span class='ocrx_word' id='word_1_44' title='bbox 904 1434 1209 1513; x_wconf 76' lang='lat' dir='ltr'>subalternorum</span> <span class='ocrx_word' id='word_1_45' title='bbox 1228 1433 1312 1541; x_wconf 93' lang='lat' dir='ltr'>spe-</span> 
     </span>
     <span class='ocr_line' id='line_1_9' title="bbox 158 1541 1310 1655; baseline 0.004 -38"><span class='ocrx_word' id='word_1_46' title='bbox 158 1541 332 1634; x_wconf 87' lang='lat' dir='ltr'>cierum,</span> <span class='ocrx_word' id='word_1_47' title='bbox 352 1544 399 1623; x_wconf 87' lang='lat' dir='ltr'>ad</span> <span class='ocrx_word' id='word_1_48' title='bbox 422 1573 519 1652; x_wconf 87' lang='lat' dir='ltr'>quas</span> <span class='ocrx_word' id='word_1_49' title='bbox 546 1544 749 1624; x_wconf 88' lang='lat' dir='ltr'>inferiores</span> <span class='ocrx_word' id='word_1_50' title='bbox 773 1546 917 1655; x_wconf 87' lang='lat' dir='ltr'>species</span> <span class='ocrx_word' id='word_1_51' title='bbox 943 1546 1156 1625; x_wconf 90' lang='lat' dir='ltr'>testimonii</span> <span class='ocrx_word' id='word_1_52' title='bbox 1181 1563 1220 1623; x_wconf 91' lang='lat' dir='ltr'>et</span> <span class='ocrx_word' id='word_1_53' title='bbox 1240 1571 1310 1622; x_wconf 88' lang='lat' dir='ltr'>ex·</span> 
     </span>
     <span class='ocr_line' id='line_1_10' title="bbox 160 1652 1311 1766; baseline 0.003 -37"><span class='ocrx_word' id='word_1_54' title='bbox 160 1652 296 1760; x_wconf 89' lang='lat' dir='ltr'>empla</span> <span class='ocrx_word' id='word_1_55' title='bbox 315 1656 457 1762; x_wconf 85' lang='lat' dir='ltr'>poffint</span> <span class='ocrx_word' id='word_1_56' title='bbox 477 1658 663 1736; x_wconf 93' lang='lat' dir='ltr'>revocari.</span> <span class='ocrx_word' id='word_1_57' title='bbox 713 1658 864 1765; x_wconf 87' lang='lat' dir='ltr'>Atque,</span> <span class='ocrx_word' id='word_1_58' title='bbox 889 1677 933 1737; x_wconf 90' lang='lat' dir='ltr'>ut</span> <span class='ocrx_word' id='word_1_59' title='bbox 954 1658 1129 1766; x_wconf 89' lang='lat' dir='ltr'>superior</span> <span class='ocrx_word' id='word_1_60' title='bbox 1150 1657 1216 1735; x_wconf 91' lang='lat' dir='ltr'>illa</span> <span class='ocrx_word' id='word_1_61' title='bbox 1235 1654 1311 1735; x_wconf 91' lang='lat' dir='ltr'>dis-</span> 
     </span>
     <span class='ocr_line' id='line_1_11' title="bbox 160 1764 1313 1877; baseline 0.004 -36"><span class='ocrx_word' id='word_1_62' title='bbox 160 1764 302 1844; x_wconf 76' lang='lat' dir='ltr'>tinctio</span> <span class='ocrx_word' id='word_1_63' title='bbox 329 1767 369 1844; x_wconf 95' lang='lat' dir='ltr'>in</span> <span class='ocrx_word' id='word_1_64' title='bbox 392 1767 575 1849; x_wconf 90' lang='lat' dir='ltr'>divinum</span> <span class='ocrx_word' id='word_1_65' title='bbox 601 1787 640 1848; x_wconf 92' lang='lat' dir='ltr'>et</span> <span class='ocrx_word' id='word_1_66' title='bbox 663 1766 899 1862; x_wconf 90' lang='lat' dir='ltr'>humanum,</span> <span class='ocrx_word' id='word_1_67' title='bbox 927 1769 973 1848; x_wconf 95' lang='lat' dir='ltr'>ab</span> <span class='ocrx_word' id='word_1_68' title='bbox 999 1770 1191 1848; x_wconf 91' lang='lat' dir='ltr'>efficiente</span> <span class='ocrx_word' id='word_1_69' title='bbox 1212 1796 1313 1877; x_wconf 94' lang='lat' dir='ltr'>quo-</span> 
     </span>
     <span class='ocr_line' id='line_1_12' title="bbox 161 1875 1310 1990; baseline 0.003 -36"><span class='ocrx_word' id='word_1_70' title='bbox 161 1903 244 1983; x_wconf 89' lang='lat' dir='ltr'>que</span> <span class='ocrx_word' id='word_1_71' title='bbox 262 1875 442 1975; x_wconf 88' lang='lat' dir='ltr'>sumitur,</span> <span class='ocrx_word' id='word_1_72' title='bbox 463 1881 532 1988; x_wconf 94' lang='lat' dir='ltr'>qui</span> <span class='ocrx_word' id='word_1_73' title='bbox 553 1881 598 1960; x_wconf 87' lang='lat' dir='ltr'>fit</span> <span class='ocrx_word' id='word_1_74' title='bbox 616 1880 777 1989; x_wconf 91' lang='lat' dir='ltr'>persona</span> <span class='ocrx_word' id='word_1_75' title='bbox 796 1880 955 1990; x_wconf 92' lang='lat' dir='ltr'>publica</span> <span class='ocrx_word' id='word_1_76' title='bbox 975 1881 1049 1961; x_wconf 87' lang='lat' dir='ltr'>five</span> <span class='ocrx_word' id='word_1_77' title='bbox 1073 1881 1310 1973; x_wconf 89' lang='lat' dir='ltr'>communis,</span> 
     </span>
     <span class='ocr_line' id='line_1_13' title="bbox 159 1992 687 2179; baseline 0.008 -113"><span class='ocrx_word' id='word_1_78' title='bbox 159 1992 409 2179; x_wconf 53' lang='lat' dir='ltr'>autqpropria</span> <span class='ocrx_word' id='word_1_79' title='bbox 428 1993 512 2071; x_wconf 87' lang='lat' dir='ltr'>five·</span> <span class='ocrx_word' id='word_1_80' title='bbox 523 1994 687 2101; x_wconf 89' lang='lat' dir='ltr'>privata.</span> 
     </span>
    </p>

    <p class='ocr_par' dir='ltr' id='par_1_5' title="bbox 255 2100 1309 2212">
     <span class='ocr_line' id='line_1_14' title="bbox 255 2100 1309 2212; baseline 0.001 -31"><span class='ocrx_word' id='word_1_81' title='bbox 255 2100 471 2208; x_wconf 83' lang='lat' dir='ltr'>estimonium</span> <span class='ocrx_word' id='word_1_82' title='bbox 488 2133 669 2185; x_wconf 87' lang='lat' dir='ltr'>commune</span> <span class='ocrx_word' id='word_1_83' title='bbox 687 2101 749 2211; x_wconf 73' lang='lat' dir='ltr'>est,</span> <span class='ocrx_word' id='word_1_84' title='bbox 765 2122 808 2183; x_wconf 89' lang='lat' dir='ltr'>ut</span> <span class='ocrx_word' id='word_1_85' title='bbox 823 2105 883 2183; x_wconf 87' lang='lat' dir='ltr'>lex</span> <span class='ocrx_word' id='word_1_86' title='bbox 897 2122 934 2183; x_wconf 88' lang='lat' dir='ltr'>et</span> <span class='ocrx_word' id='word_1_87' title='bbox 948 2104 1101 2212; x_wconf 87' lang='lat' dir='ltr'>illustris</span> <span class='ocrx_word' id='word_1_88' title='bbox 1106 2103 1309 2210; x_wconf 76' lang='lat' dir='ltr'>stntentia.</span> 
     </span>
    </p>

    <p class='ocr_par' dir='ltr' id='par_1_6' title="bbox 158 2212 1312 2660">
     <span class='ocr_line' id='line_1_15' title="bbox 220 2212 1309 2325; baseline 0.002 -34"><span class='ocrx_word' id='word_1_89' title='bbox 220 2212 321 2293; x_wconf 83' lang='lat' dir='ltr'>Haec</span> <span class='ocrx_word' id='word_1_90' title='bbox 340 2217 449 2294; x_wconf 86' lang='lat' dir='ltr'>enim</span> <span class='ocrx_word' id='word_1_91' title='bbox 464 2217 542 2296; x_wconf 92' lang='lat' dir='ltr'>duo</span> <span class='ocrx_word' id='word_1_92' title='bbox 562 2218 746 2325; x_wconf 87' lang='lat' dir='ltr'>exempla</span> <span class='ocrx_word' id='word_1_93' title='bbox 760 2216 846 2295; x_wconf 93' lang='lat' dir='ltr'>sunt</span> <span class='ocrx_word' id='word_1_94' title='bbox 860 2217 991 2325; x_wconf 86' lang='lat' dir='ltr'>potius</span> <span class='ocrx_word' id='word_1_95' title='bbox 1008 2214 1128 2324; x_wconf 67' lang='lat' dir='ltr'>quim</span> <span class='ocrx_word' id='word_1_96' title='bbox 1146 2216 1309 2325; x_wconf 85' lang='lat' dir='ltr'>species:</span> 
     </span>
     <span class='ocr_line' id='line_1_16' title="bbox 161 2324 1312 2438; baseline 0.002 -35"><span class='ocrx_word' id='word_1_97' title='bbox 161 2324 307 2432; x_wconf 86' lang='lat' dir='ltr'>quibus</span> <span class='ocrx_word' id='word_1_98' title='bbox 319 2327 481 2436; x_wconf 88' lang='lat' dir='ltr'>adjungi</span> <span class='ocrx_word' id='word_1_99' title='bbox 494 2327 621 2438; x_wconf 91' lang='lat' dir='ltr'>potest</span> <span class='ocrx_word' id='word_1_100' title='bbox 634 2330 775 2420; x_wconf 86' lang='lat' dir='ltr'>Fama;</span> <span class='ocrx_word' id='word_1_101' title='bbox 796 2355 917 2435; x_wconf 90' lang='lat' dir='ltr'>quam</span> <span class='ocrx_word' id='word_1_102' title='bbox 933 2328 1013 2409; x_wconf 88' lang='lat' dir='ltr'>Cic.</span> <span class='ocrx_word' id='word_1_103' title='bbox 1030 2326 1119 2406; x_wconf 79' lang='lat' dir='ltr'>inT</span> <span class='ocrx_word' id='word_1_104' title='bbox 1113 2345 1169 2435; x_wconf 88' lang='lat' dir='ltr'>op.</span> <span class='ocrx_word' id='word_1_105' title='bbox 1184 2329 1312 2435; x_wconf 89' lang='lat' dir='ltr'>quod-</span> 
     </span>
     <span class='ocr_line' id='line_1_17' title="bbox 158 2438 1312 2549; baseline 0.002 -34"><span class='ocrx_word' id='word_1_106' title='bbox 158 2438 255 2516; x_wconf 85' lang='lat' dir='ltr'>dam</span> <span class='ocrx_word' id='word_1_107' title='bbox 286 2441 551 2519; x_wconf 87' lang='lat' dir='ltr'>multitudinis</span> <span class='ocrx_word' id='word_1_108' title='bbox 577 2440 849 2519; x_wconf 88' lang='lat' dir='ltr'>testimonium</span> <span class='ocrx_word' id='word_1_109' title='bbox 873 2440 1066 2549; x_wconf 89' lang='lat' dir='ltr'>appellat;</span> <span class='ocrx_word' id='word_1_110' title='bbox 1104 2441 1186 2531; x_wconf 92' lang='lat' dir='ltr'>alii,</span> <span class='ocrx_word' id='word_1_111' title='bbox 1217 2465 1312 2517; x_wconf 93' lang='lat' dir='ltr'>con-</span> 
     </span>
     <span class='ocr_line' id='line_1_18' title="bbox 160 2547 1252 2660; baseline 0.003 -34"><span class='ocrx_word' id='word_1_112' title='bbox 160 2547 316 2629; x_wconf 87' lang='lat' dir='ltr'>sensum</span> <span class='ocrx_word' id='word_1_113' title='bbox 335 2553 502 2631; x_wconf 86' lang='lat' dir='ltr'>civitatis</span> <span class='ocrx_word' id='word_1_114' title='bbox 522 2571 561 2631; x_wconf 86' lang='lat' dir='ltr'>et</span> <span class='ocrx_word' id='word_1_115' title='bbox 580 2551 787 2660; x_wconf 91' lang='lat' dir='ltr'>publicum</span> <span class='ocrx_word' id='word_1_116' title='bbox 808 2550 1079 2630; x_wconf 88' lang='lat' dir='ltr'>testimonium</span> <span class='ocrx_word' id='word_1_117' title='bbox 1099 2570 1252 2630; x_wconf 91' lang='lat' dir='ltr'>vocant.</span> 
     </span>
    </p>

    <p class='ocr_par' dir='ltr' id='par_1_7' title="bbox 141 2662 1317 3891">
     <span class='ocr_line' id='line_1_19' title="bbox 219 2662 1312 2774; baseline 0.003 -34"><span class='ocrx_word' id='word_1_118' title='bbox 219 2662 337 2768; x_wconf 84' lang='lat' dir='ltr'>Legis</span> <span class='ocrx_word' id='word_1_119' title='bbox 348 2681 472 2744; x_wconf 85' lang='lat' dir='ltr'>autem</span> <span class='ocrx_word' id='word_1_120' title='bbox 490 2681 527 2743; x_wconf 87' lang='lat' dir='ltr'>et</span> <span class='ocrx_word' id='word_1_121' title='bbox 545 2693 614 2742; x_wconf 85' lang='lat' dir='ltr'>uon</span> <span class='ocrx_word' id='word_1_122' title='bbox 614 2663 778 2774; x_wconf 85' lang='lat' dir='ltr'>scriptae</span> <span class='ocrx_word' id='word_1_123' title='bbox 793 2681 828 2743; x_wconf 88' lang='lat' dir='ltr'>et</span> <span class='ocrx_word' id='word_1_124' title='bbox 831 2663 994 2772; x_wconf 85' lang='lat' dir='ltr'>scriptae</span> <span class='ocrx_word' id='word_1_125' title='bbox 1013 2662 1245 2771; x_wconf 80' lang='lat' dir='ltr'>testimonium</span> <span class='ocrx_word' id='word_1_126' title='bbox 1264 2663 1312 2768; x_wconf 74' lang='lat' dir='ltr'>est</span> 
     </span>
     <span class='ocr_line' id='line_1_20' title="bbox 154 2773 1312 2884; baseline 0.002 -35"><span class='ocrx_word' id='word_1_127' title='bbox 154 2788 230 2879; x_wconf 84' lang='lat' dir='ltr'>pro</span> <span class='ocrx_word' id='word_1_128' title='bbox 253 2773 421 2855; x_wconf 83' lang='lat' dir='ltr'>Milone:</span> <span class='ocrx_word' id='word_1_129' title='bbox 465 2776 533 2884; x_wconf 75' lang='lat' dir='ltr'>Est</span> <span class='ocrx_word' id='word_1_130' title='bbox 555 2777 662 2870; x_wconf 88' lang='lat' dir='ltr'>enim,</span> <span class='ocrx_word' id='word_1_131' title='bbox 675 2774 835 2882; x_wconf 87' lang='lat' dir='ltr'>judices,</span> <span class='ocrx_word' id='word_1_132' title='bbox 858 2804 927 2854; x_wconf 89' lang='lat' dir='ltr'>non</span> <span class='ocrx_word' id='word_1_133' title='bbox 944 2774 1112 2884; x_wconf 84' lang='lat' dir='ltr'>scripta,</span> <span class='ocrx_word' id='word_1_134' title='bbox 1125 2773 1200 2880; x_wconf 78' lang='lat' dir='ltr'>std</span> <span class='ocrx_word' id='word_1_135' title='bbox 1220 2792 1312 2853; x_wconf 86' lang='lat' dir='ltr'>nata</span> 
     </span>
     <span class='ocr_line' id='line_1_21' title="bbox 159 2883 1311 2995; baseline 0.003 -34"><span class='ocrx_word' id='word_1_136' title='bbox 159 2884 222 2962; x_wconf 88' lang='lat' dir='ltr'>lex</span> <span class='ocrx_word' id='word_1_137' title='bbox 234 2915 248 2976; x_wconf 92' lang='lat'>,·</span> <span class='ocrx_word' id='word_1_138' title='bbox 282 2913 392 2994; x_wconf 83' lang='lat' dir='ltr'>quam</span> <span class='ocrx_word' id='word_1_139' title='bbox 410 2917 480 2968; x_wconf 85' lang='lat' dir='ltr'>non</span> <span class='ocrx_word' id='word_1_140' title='bbox 504 2886 707 2982; x_wconf 85' lang='lat' dir='ltr'>didicimus,</span> <span class='ocrx_word' id='word_1_141' title='bbox 728 2887 944 2995; x_wconf 87' lang='lat' dir='ltr'>accepimus,</span> <span class='ocrx_word' id='word_1_142' title='bbox 965 2887 1117 2993; x_wconf 88' lang='lat' dir='ltr'>legimus</span> <span class='ocrx_word' id='word_1_143' title='bbox 1129 2917 1142 2977; x_wconf 89' lang='lat'><em>;</em></span> <span class='ocrx_word' id='word_1_144' title='bbox 1179 2883 1311 2965; x_wconf 77' lang='lat' dir='ltr'>verdm</span> 
     </span>
     <span class='ocr_line' id='line_1_22' title="bbox 158 2995 1316 3108; baseline 0 -33"><span class='ocrx_word' id='word_1_145' title='bbox 158 3026 209 3075; x_wconf 87' lang='lat' dir='ltr'>ex</span> <span class='ocrx_word' id='word_1_146' title='bbox 232 3014 375 3078; x_wconf 86' lang='lat' dir='ltr'>natura</span> <span class='ocrx_word' id='word_1_147' title='bbox 395 2997 471 3107; x_wconf 86' lang='lat' dir='ltr'>isa</span> <span class='ocrx_word' id='word_1_148' title='bbox 489 3000 732 3108; x_wconf 85' lang='lat' dir='ltr'>arripuimus,</span> <span class='ocrx_word' id='word_1_149' title='bbox 753 3000 948 3104; x_wconf 81' lang='lat' dir='ltr'>hatestmus,</span> <span class='ocrx_word' id='word_1_150' title='bbox 968 2997 1196 3108; x_wconf 84' lang='lat' dir='ltr'>expreffimus</span> <span class='ocrx_word' id='word_1_151' title='bbox 1209 3030 1222 3074; x_wconf 94' lang='lat'><em>:</em></span> <span class='ocrx_word' id='word_1_152' title='bbox 1262 2995 1316 3076; x_wconf 87' lang='lat' dir='ltr'>ad</span> 
     </span>
     <span class='ocr_line' id='line_1_23' title="bbox 158 3018 1310 3219; baseline 0.001 -34"><span class='ocrx_word' id='word_1_153' title='bbox 158 3136 272 3218; x_wconf 84' lang='lat' dir='ltr'>quam</span> <span class='ocrx_word' id='word_1_154' title='bbox 290 3139 359 3190; x_wconf 86' lang='lat' dir='ltr'>non</span> <span class='ocrx_word' id='word_1_155' title='bbox 378 3018 486 3203; x_wconf 68' lang='lat' dir='ltr'>deti,</span> <span class='ocrx_word' id='word_1_156' title='bbox 492 3109 568 3217; x_wconf 83' lang='lat' dir='ltr'>sed</span> <span class='ocrx_word' id='word_1_157' title='bbox 571 3112 686 3219; x_wconf 64' lang='lat' dir='ltr'>sassi</span> <span class='ocrx_word' id='word_1_158' title='bbox 694 3143 708 3203; x_wconf 90' lang='lat'><em>;</em></span> <span class='ocrx_word' id='word_1_159' title='bbox 738 3140 807 3190; x_wconf 89' lang='lat' dir='ltr'>non</span> <span class='ocrx_word' id='word_1_160' title='bbox 827 3110 998 3218; x_wconf 84' lang='lat' dir='ltr'>instituti,</span> <span class='ocrx_word' id='word_1_161' title='bbox 1004 3109 1079 3216; x_wconf 79' lang='lat' dir='ltr'>std</span> <span class='ocrx_word' id='word_1_162' title='bbox 1093 3108 1228 3187; x_wconf 79' lang='lat' dir='ltr'>t&#39;mbuti</span> <span class='ocrx_word' id='word_1_163' title='bbox 1236 3108 1310 3215; x_wconf 85' lang='lat' dir='ltr'>su-</span> 
     </span>
     <span class='ocr_line' id='line_1_24' title="bbox 157 3221 1310 3332; baseline 0.002 -35"><span class='ocrx_word' id='word_1_164' title='bbox 157 3248 269 3299; x_wconf 88' lang='lat' dir='ltr'>mus:</span> <span class='ocrx_word' id='word_1_165' title='bbox 300 3242 357 3316; x_wconf 87' lang='lat' dir='ltr'>ut,</span> <span class='ocrx_word' id='word_1_166' title='bbox 363 3223 407 3327; x_wconf 87' lang='lat' dir='ltr'><em>st</em></span> <span class='ocrx_word' id='word_1_167' title='bbox 419 3223 504 3302; x_wconf 87' lang='lat' dir='ltr'>vita</span> <span class='ocrx_word' id='word_1_168' title='bbox 522 3222 644 3330; x_wconf 85' lang='lat' dir='ltr'>nostra</span> <span class='ocrx_word' id='word_1_169' title='bbox 663 3223 701 3303; x_wconf 89' lang='lat' dir='ltr'>in</span> <span class='ocrx_word' id='word_1_170' title='bbox 716 3223 862 3332; x_wconf 86' lang='lat' dir='ltr'>aliquas</span> <span class='ocrx_word' id='word_1_171' title='bbox 880 3221 1040 3327; x_wconf 74' lang='lat' dir='ltr'>irfidias,</span> <span class='ocrx_word' id='word_1_172' title='bbox 1047 3221 1091 3326; x_wconf 87' lang='lat' dir='ltr'><em>st</em></span> <span class='ocrx_word' id='word_1_173' title='bbox 1108 3221 1145 3300; x_wconf 87' lang='lat' dir='ltr'>in</span> <span class='ocrx_word' id='word_1_174' title='bbox 1164 3221 1255 3314; x_wconf 85' lang='lat' dir='ltr'>vim,</span> <span class='ocrx_word' id='word_1_175' title='bbox 1272 3222 1310 3299; x_wconf 88' lang='lat' dir='ltr'>in</span> 
     </span>
     <span class='ocr_line' id='line_1_25' title="bbox 157 3330 1309 3443; baseline 0.001 -33"><span class='ocrx_word' id='word_1_176' title='bbox 157 3330 254 3424; x_wconf 87' lang='lat' dir='ltr'>tela,</span> <span class='ocrx_word' id='word_1_177' title='bbox 272 3352 341 3412; x_wconf 84' lang='lat' dir='ltr'>aut</span> <span class='ocrx_word' id='word_1_178' title='bbox 360 3334 544 3414; x_wconf 85' lang='lat' dir='ltr'>latronum</span> <span class='ocrx_word' id='word_1_179' title='bbox 559 3353 629 3415; x_wconf 85' lang='lat' dir='ltr'>aut</span> <span class='ocrx_word' id='word_1_180' title='bbox 648 3334 873 3415; x_wconf 84' lang='lat' dir='ltr'>inimicorum</span> <span class='ocrx_word' id='word_1_181' title='bbox 893 3332 1082 3443; x_wconf 76' lang='lat' dir='ltr'>incidiffet,</span> <span class='ocrx_word' id='word_1_182' title='bbox 1111 3334 1223 3413; x_wconf 88' lang='lat' dir='ltr'>omnis</span> <span class='ocrx_word' id='word_1_183' title='bbox 1246 3334 1309 3412; x_wconf 84' lang='lat' dir='ltr'>do-</span> 
     </span>
     <span class='ocr_line' id='line_1_26' title="bbox 158 3442 1317 3555; baseline 0.003 -34"><span class='ocrx_word' id='word_1_184' title='bbox 158 3442 261 3550; x_wconf 77' lang='lat' dir='ltr'>nesse</span> <span class='ocrx_word' id='word_1_185' title='bbox 279 3445 478 3555; x_wconf 69' lang='lat' dir='ltr'>ratioeffet</span> <span class='ocrx_word' id='word_1_186' title='bbox 496 3446 726 3554; x_wconf 75' lang='lat' dir='ltr'>expedienda</span> <span class='ocrx_word' id='word_1_187' title='bbox 734 3444 890 3551; x_wconf 86' lang='lat' dir='ltr'>salutis.</span> <span class='ocrx_word' id='word_1_188' title='bbox 951 3448 1004 3524; x_wconf 89' lang='lat' dir='ltr'>Et</span> <span class='ocrx_word' id='word_1_189' title='bbox 1023 3446 1187 3537; x_wconf 90' lang='lat' dir='ltr'>ibidem,</span> <span class='ocrx_word' id='word_1_190' title='bbox 1208 3443 1317 3552; x_wconf 73' lang='lat' dir='ltr'>Qeod</span> 
     </span>
     <span class='ocr_line' id='line_1_27' title="bbox 141 3552 1312 3666; baseline 0.002 -33"><span class='ocrx_word' id='word_1_191' title='bbox 141 3553 194 3659; x_wconf 87' lang='lat' dir='ltr'><em>fi</em></span> <span class='ocrx_word' id='word_1_192' title='bbox 208 3552 389 3637; x_wconf 85' lang='lat' dir='ltr'>duodecim</span> <span class='ocrx_word' id='word_1_193' title='bbox 407 3557 547 3638; x_wconf 83' lang='lat' dir='ltr'>tabulae</span> <span class='ocrx_word' id='word_1_194' title='bbox 561 3562 778 3637; x_wconf 61' lang='lat' dir='ltr'>noduruum</span> <span class='ocrx_word' id='word_1_195' title='bbox 784 3558 917 3666; x_wconf 87' lang='lat' dir='ltr'>furem</span> <span class='ocrx_word' id='word_1_196' title='bbox 932 3586 1069 3665; x_wconf 85' lang='lat' dir='ltr'>quoquo</span> <span class='ocrx_word' id='word_1_197' title='bbox 1082 3556 1194 3649; x_wconf 85' lang='lat' dir='ltr'>modo,</span> <span class='ocrx_word' id='word_1_198' title='bbox 1207 3555 1312 3636; x_wconf 91' lang='lat' dir='ltr'>diur-</span> 
     </span>
     <span class='ocr_line' id='line_1_28' title="bbox 159 3668 1311 3778; baseline 0.003 -33"><span class='ocrx_word' id='word_1_199' title='bbox 159 3696 250 3746; x_wconf 87' lang='lat' dir='ltr'>num</span> <span class='ocrx_word' id='word_1_200' title='bbox 269 3688 405 3762; x_wconf 88' lang='lat' dir='ltr'>autem,</span> <span class='ocrx_word' id='word_1_201' title='bbox 412 3669 457 3775; x_wconf 81' lang='lat' dir='ltr'><em>st</em></span> <span class='ocrx_word' id='word_1_202' title='bbox 457 3669 504 3776; x_wconf 88' lang='lat' dir='ltr'>se</span> <span class='ocrx_word' id='word_1_203' title='bbox 522 3671 591 3750; x_wconf 86' lang='lat' dir='ltr'>telo</span> <span class='ocrx_word' id='word_1_204' title='bbox 610 3669 826 3778; x_wconf 86' lang='lat' dir='ltr'>defenderit,</span> <span class='ocrx_word' id='word_1_205' title='bbox 849 3668 1011 3776; x_wconf 83' lang='lat' dir='ltr'>interfici</span> <span class='ocrx_word' id='word_1_206' title='bbox 1025 3668 1169 3777; x_wconf 77' lang='lat' dir='ltr'>impund</span> <span class='ocrx_word' id='word_1_207' title='bbox 1187 3670 1311 3748; x_wconf 85' lang='lat' dir='ltr'>volue-</span> 
     </span>
     <span class='ocr_line' id='line_1_29' title="bbox 159 3782 648 3891; baseline 0.006 -35"><span class='ocrx_word' id='word_1_208' title='bbox 159 3796 271 3874; x_wconf 86' lang='lat' dir='ltr'>runt,</span> <span class='ocrx_word' id='word_1_209' title='bbox 292 3784 372 3890; x_wconf 87' lang='lat' dir='ltr'>quis</span> <span class='ocrx_word' id='word_1_210' title='bbox 390 3783 453 3891; x_wconf 85' lang='lat' dir='ltr'>est,</span> <span class='ocrx_word' id='word_1_211' title='bbox 474 3782 551 3891; x_wconf 85' lang='lat' dir='ltr'>qui,</span> <span class='ocrx_word' id='word_1_212' title='bbox 573 3785 648 3862; x_wconf 76' lang='grc' dir='ltr'>διε.</span> 
     </span>
    </p>

    <p class='ocr_par' dir='ltr' id='par_1_8' title="bbox 159 3891 1312 4559">
     <span class='ocr_line' id='line_1_30' title="bbox 223 3891 1311 4001; baseline 0.002 -31"><span class='ocrx_word' id='word_1_213' title='bbox 223 3892 359 3972; x_wconf 85' lang='lat' dir='ltr'>Restat</span> <span class='ocrx_word' id='word_1_214' title='bbox 379 3893 537 3973; x_wconf 87' lang='lat' dir='ltr'>illustris</span> <span class='ocrx_word' id='word_1_215' title='bbox 557 3893 767 3986; x_wconf 90' lang='lat' dir='ltr'>sententia;</span> <span class='ocrx_word' id='word_1_216' title='bbox 798 3895 908 3999; x_wconf 90' lang='lat' dir='ltr'>cujus</span> <span class='ocrx_word' id='word_1_217' title='bbox 928 3893 1082 3998; x_wconf 86' lang='lat' dir='ltr'>generis</span> <span class='ocrx_word' id='word_1_218' title='bbox 1108 3891 1193 3970; x_wconf 91' lang='lat' dir='ltr'>sunt</span> <span class='ocrx_word' id='word_1_219' title='bbox 1218 3921 1311 4001; x_wconf 90' lang='lat' dir='ltr'>pso-</span> 
     </span>
     <span class='ocr_line' id='line_1_31' title="bbox 159 4002 1311 4114; baseline 0.003 -35"><span class='ocrx_word' id='word_1_220' title='bbox 159 4003 308 4082; x_wconf 90' lang='lat' dir='ltr'>verbia.</span> <span class='ocrx_word' id='word_1_221' title='bbox 369 4006 428 4084; x_wconf 94' lang='lat' dir='ltr'>Ut</span> <span class='ocrx_word' id='word_1_222' title='bbox 448 4034 558 4114; x_wconf 85' lang='lat' dir='ltr'>pares</span> <span class='ocrx_word' id='word_1_223' title='bbox 575 4033 669 4084; x_wconf 91' lang='lat' dir='ltr'>cum</span> <span class='ocrx_word' id='word_1_224' title='bbox 689 4005 846 4113; x_wconf 89' lang='lat' dir='ltr'>paribus</span> <span class='ocrx_word' id='word_1_225' title='bbox 867 4002 1054 4083; x_wconf 89' lang='lat' dir='ltr'>facillime</span> <span class='ocrx_word' id='word_1_226' title='bbox 1070 4031 1311 4112; x_wconf 85' lang='lat' dir='ltr'>congregan-</span> 
     </span>
     <span class='ocr_line' id='line_1_32' title="bbox 159 4112 1311 4224; baseline 0.003 -32"><span class='ocrx_word' id='word_1_227' title='bbox 159 4132 238 4193; x_wconf 87' lang='lat' dir='ltr'>tur.</span> <span class='ocrx_word' id='word_1_228' title='bbox 299 4117 476 4224; x_wconf 83' lang='lat' dir='ltr'>Spartam</span> <span class='ocrx_word' id='word_1_229' title='bbox 498 4121 630 4196; x_wconf 75' lang='lat' dir='ltr'>nanus</span> <span class='ocrx_word' id='word_1_230' title='bbox 656 4144 711 4208; x_wconf 79' lang='lat' dir='ltr'>ea,</span> <span class='ocrx_word' id='word_1_231' title='bbox 733 4112 833 4194; x_wconf 91' lang='lat' dir='ltr'>hanc</span> <span class='ocrx_word' id='word_1_232' title='bbox 858 4143 1017 4195; x_wconf 86' lang='lat' dir='ltr'>exorna.</span> <span class='ocrx_word' id='word_1_233' title='bbox 1077 4117 1189 4195; x_wconf 92' lang='lat' dir='ltr'>Tum</span> <span class='ocrx_word' id='word_1_234' title='bbox 1208 4118 1311 4195; x_wconf 72' lang='lat' dir='ltr'>dista</span> 
     </span>
     <span class='ocr_line' id='line_1_33' title="bbox 161 4224 1308 4335; baseline 0.002 -32"><span class='ocrx_word' id='word_1_235' title='bbox 161 4224 409 4334; x_wconf 86' lang='lat' dir='ltr'>sapientum:</span> <span class='ocrx_word' id='word_1_236' title='bbox 456 4249 514 4323; x_wconf 89' lang='lat' dir='ltr'>ut,</span> <span class='ocrx_word' id='word_1_237' title='bbox 549 4227 680 4309; x_wconf 90' lang='lat' dir='ltr'>Nosce</span> <span class='ocrx_word' id='word_1_238' title='bbox 706 4227 887 4335; x_wconf 88' lang='lat' dir='ltr'>teipsum.</span> <span class='ocrx_word' id='word_1_239' title='bbox 950 4228 1017 4306; x_wconf 91' lang='lat' dir='ltr'>Ne</span> <span class='ocrx_word' id='word_1_240' title='bbox 1048 4228 1144 4335; x_wconf 94' lang='lat' dir='ltr'>quid</span> <span class='ocrx_word' id='word_1_241' title='bbox 1176 4229 1308 4306; x_wconf 89' lang='lat' dir='ltr'>nimis.</span> 
     </span>
     <span class='ocr_line' id='line_1_34' title="bbox 161 4338 1310 4450; baseline 0.003 -36"><span class='ocrx_word' id='word_1_242' title='bbox 161 4338 334 4445; x_wconf 84' lang='lat' dir='ltr'>Sponde,</span> <span class='ocrx_word' id='word_1_243' title='bbox 353 4339 488 4448; x_wconf 87' lang='lat' dir='ltr'>psaesto</span> <span class='ocrx_word' id='word_1_244' title='bbox 508 4342 563 4419; x_wconf 89' lang='lat' dir='ltr'>est</span> <span class='ocrx_word' id='word_1_245' title='bbox 579 4341 877 4420; x_wconf 90' lang='lat' dir='ltr'>detrimentum.</span> <span class='ocrx_word' id='word_1_246' title='bbox 940 4344 1182 4450; x_wconf 82' lang='lat' dir='ltr'>Qanquam</span> <span class='ocrx_word' id='word_1_247' title='bbox 1203 4341 1310 4417; x_wconf 91' lang='lat' dir='ltr'>enim</span> 
     </span>
     <span class='ocr_line' id='line_1_35' title="bbox 161 4446 1312 4559; baseline 0.002 -32"><span class='ocrx_word' id='word_1_248' title='bbox 161 4446 243 4528; x_wconf 83' lang='lat' dir='ltr'>haec</span> <span class='ocrx_word' id='word_1_249' title='bbox 270 4450 373 4530; x_wconf 69' lang='lat' dir='ltr'>dista</span> <span class='ocrx_word' id='word_1_250' title='bbox 400 4451 547 4559; x_wconf 78' lang='lat' dir='ltr'>singula</span> <span class='ocrx_word' id='word_1_251' title='bbox 573 4450 594 4532; x_wconf 76' lang='lat' dir='ltr'>a</span> <span class='ocrx_word' id='word_1_252' title='bbox 623 4452 781 4558; x_wconf 75' lang='lat' dir='ltr'>singulis</span> <span class='ocrx_word' id='word_1_253' title='bbox 807 4449 956 4530; x_wconf 77' lang='lat' dir='ltr'>fortasse</span> <span class='ocrx_word' id='word_1_254' title='bbox 981 4449 1202 4528; x_wconf 59' lang='lat' dir='ltr'>auctoribus</span> <span class='ocrx_word' id='word_1_255' title='bbox 1229 4471 1312 4553; x_wconf 83' lang='lat' dir='ltr'>orta</span> 
     </span>
    </p>
   </div>
   <div class='ocr_carea' id='block_1_4' title="bbox 0 0 1482 4980">
    <p class='ocr_par' dir='ltr' id='par_1_9' title="bbox 0 0 1482 4980">
     <span class='ocr_line' id='line_1_36' title="bbox 0 0 1482 4980; baseline 0 0"><span class='ocrx_word' id='word_1_256' title='bbox 0 0 1482 4980; x_wconf 95' lang='lat' dir='ltr'> </span> 
     </span>
    </p>
   </div>
  </div>
 </body>
</html>
