2956 4980
391 216 605 350 Epistolae
635 216 910 315 Familiares.
1140 239 1187 345 38
1196 267 1216 346 5

67 421 160 473 rum
181 394 279 473 illud
299 393 462 501 quidem
486 394 677 499 gaudium
702 395 775 473 esse
802 395 986 487 dixerim,
1008 396 1216 505 praesertim

64 531 163 585 cum
196 508 254 585 uti
285 507 413 584 vincat
448 506 636 599 amicitia,
659 533 818 613 operam
856 524 893 584 te
926 507 1015 586 dare
1043 509 1212 588 videam.

65 617 209 697 Statim
230 645 322 696 vero
342 645 435 697 cum
455 618 587 696 incido
612 618 651 694 in
677 617 774 696 illud
793 617 899 724 quod
921 617 1065 712 scribis,
1088 638 1213 702 ternas

67 746 107 806 te
132 729 219 835 jam
245 730 343 809 olim
373 729 420 808 ad
455 757 518 808 me
548 727 705 821 dediffe,
723 756 818 835 quas
844 757 919 834 ego
947 731 1099 838 periisse
1117 732 1210 827 scio,

64 858 154 919 tum
188 841 366 949 primum
400 841 542 920 s1ncera
570 840 637 919 illa
667 839 789 931 infici,
820 838 996 948 tristique
1023 841 1211 923 defiderio

62 951 303 1047 conturbari,
337 971 465 1061 coepta
495 951 551 1030 est
582 952 737 1044 laetitia;
781 979 876 1031 mox
907 954 1027 1031 etiam
1055 958 1211 1060 gravius

62 1063 255 1171 quiddam
274 1065 391 1158 subit,
412 1067 451 1142 in
472 1091 552 1171 quo
573 1065 701 1141 vicem
730 1090 860 1142 meam
887 1063 1018 1143 dolere
1046 1066 1210 1177 persaepe

64 1174 184 1269 soleo,
205 1204 303 1283 quos
324 1174 424 1255 forte
443 1176 607 1268 viciniae,
629 1193 695 1253 aut
717 1174 847 1282 aliqua
870 1176 1015 1255 nullius
1033 1176 1120 1257 usus
1140 1206 1210 1259 ne-

62 1286 252 1367 ceffitudo
272 1315 447 1380 mecum,
469 1288 542 1366 five
567 1285 670 1379 casu,
691 1286 766 1364 five
795 1287 881 1394 lege
907 1289 1208 1395 conglutinavit,

60 1396 151 1478 illos
181 1400 287 1478 nulli
315 1427 355 1477 re
384 1399 459 1478 alid
486 1396 819 1478 commendabiles
839 1397 996 1477 affidere
1016 1402 1208 1507 quotidie,

60 1510 294 1605 obtundere,
315 1513 434 1589 etiam
453 1538 613 1589 enecare
634 1508 858 1588 mehercule
879 1512 1208 1617 quotiescollibi·

61 1639 150 1702 tum
177 1625 273 1717 erit;
305 1651 417 1730 quos,
440 1650 581 1714 mores,
602 1623 822 1728 ingenium,
845 1622 983 1719 studia,
1006 1643 1085 1701 tam
1105 1622 1208 1704 belle

60 1734 377 1826 conciliaverant,
396 1735 484 1812 illos
498 1734 582 1839 jam
604 1762 702 1841 pene
722 1761 872 1828 omnes,
890 1752 956 1813 aut
977 1756 1118 1828 morte,
1139 1756 1206 1816 aut

58 1845 301 1952 iniquiffimi
327 1847 505 1925 locorum
534 1845 712 1924 distantia
744 1845 909 1925 invideri
940 1845 1056 1938 mihi,
1087 1850 1207 1927 etita

58 1954 269 2036 confestim
289 1956 310 2037 ὲ
330 1956 538 2065 conspeclu
566 1956 799 2064 plerumque
828 1956 968 2065 abripi,
990 1979 1034 2036 ut
1058 1959 1097 2036 in
1117 1987 1206 2068 per-

56 2088 179 2176 petua
203 2068 284 2150 fere
309 2068 517 2148 solitudine
542 2067 682 2147 versari
710 2064 810 2146 mihi
835 2067 981 2147 necesse
1009 2071 1067 2148 srt.
1128 2074 1206 2165 Te,

57 2181 168 2287 quod
198 2183 267 2274 ais,
296 2208 347 2259 ex
377 2209 458 2289 quo
479 2180 673 2261 Florentid
703 2178 864 2273 disceffi,
893 2181 980 2259 med
1012 2182 1060 2259 de
1087 2180 1207 2261 salute

58 2289 273 2387 solicitum,
294 2292 524 2401 semperque
546 2292 626 2370 mei
644 2318 863 2370 memorem
884 2289 1009 2382 fuisse,
1031 2293 1207 2398 gratulor

59 2401 164 2483 mihi
188 2403 289 2498 sane,
315 2432 383 2513 par
408 2403 508 2482 illud
540 2404 696 2509 utrique
727 2420 766 2480 et
798 2419 983 2481 mutuum
1014 2404 1206 2498 accidisse,

57 2516 167 2621 quod
187 2544 263 2623 ego
284 2544 348 2593 me
368 2514 494 2595 solum
518 2512 663 2593 sensrsse
692 2541 782 2592 meo
811 2512 961 2592 sortasse
983 2514 1124 2594 merito
1144 2543 1206 2595 ar-

58 2625 242 2707 bitrabar.
304 2628 445 2706 Gravis
474 2626 704 2717 admodum,
727 2653 774 2704 ne
801 2644 839 2703 te
867 2625 1009 2718 celem,
1029 2626 1207 2708 discessus

59 2737 128 2816 ille
148 2737 304 2818 etmihi
324 2767 482 2846 quoque
504 2737 592 2829 fuit,
613 2736 753 2844 eosque
782 2765 872 2815 meo
899 2739 1032 2816 animo
1052 2739 1206 2820 aculeos

58 2848 206 2944 infixit,
226 2851 297 2957 qui
316 2850 435 2929 etiam
457 2877 560 2928 nunc
584 2847 698 2927 altius
727 2845 928 2942 inhaerent,
949 2850 1101 2955 quoties
1120 2878 1205 2928 me·

58 2987 154 3039 cum
166 2965 300 3070 cogito
313 2979 369 3040 tot
385 2960 500 3038 srmul
512 2959 656 3039 sodales
673 2980 789 3066 atque
805 2960 952 3038 amicos
969 2978 1050 3038 tam
1066 2959 1204 3055 bonoS,

61 3089 222 3180 tamque
242 3074 473 3152 commodos
499 3071 576 3150 uni
600 3073 639 3150 in
666 3071 775 3163 urbe,
797 3070 1012 3178 longinqui
1030 3071 1096 3150 illa
1115 3075 1205 3179 qui·

59 3182 168 3276 dem,
196 3184 259 3263 sed
291 3202 422 3263 tamen
453 3182 687 3275 chariffimi,
712 3183 882 3260 invitum
914 3209 993 3274 me,
1019 3200 1058 3260 et
1089 3184 1203 3290 plane

57 3294 255 3375 divulsum
288 3294 495 3403 reliquisse.
553 3295 693 3373 Testor
719 3292 835 3372 illum
856 3290 957 3371 mihi
976 3292 1127 3402 semper
1146 3293 1203 3372 sa-

57 3432 172 3485 crum
193 3426 233 3486 et
249 3406 405 3486 solenne
419 3405 598 3486 futurum
614 3405 795 3485 Damonis
814 3403 1039 3499 tumulum;
1072 3405 1113 3483 in
1132 3433 1203 3484 cu-

51 3517 118 3623 jus
139 3515 276 3597 funere
296 3519 469 3598 ornando
489 3545 583 3597 cum
603 3517 710 3595 luftu
737 3538 776 3595 et
803 3543 970 3596 moerore
990 3518 1205 3626 oppressus,
1325 3600 1330 3609 ,

59 3630 109 3709 ad
129 3657 175 3707 ea
192 3656 279 3736 quae
298 3630 409 3737 potui
431 3629 562 3708 solatia
587 3626 814 3734 confugere,
836 3647 876 3707 et
903 3626 1089 3737 respirare
1107 3658 1205 3737 pau-

59 3739 179 3848 lisper
198 3741 422 3849 cupiebam,
438 3768 514 3820 non
528 3738 634 3819 aliud
648 3737 749 3817 mihi
761 3742 977 3847 quicquam
991 3739 1204 3842 jucundius

57 3853 244 3946 occurrit,
264 3880 384 3960 quam
409 3851 579 3930 vestrum
610 3852 792 3929 omnium
820 3849 1076 3957 gratissrmam
1103 3849 1206 3929 mihi

57 3964 311 4056 memoriam,
333 3965 468 4070 tuique
489 3962 723 4043 nominatim
744 3961 784 4039 in
804 3979 980 4040 mentem
1000 3962 1203 4042 revocasse.

58 4074 108 4154 Id
127 4076 236 4182 quod
261 4075 341 4184 ipse
360 4075 514 4180 jamdiu
543 4073 674 4181 legisse
701 4073 833 4165 debes,
855 4070 1045 4178 fiquidem
1069 4072 1205 4154 advos

56 4213 218 4266 carmen
252 4187 351 4267 illud
386 4187 576 4294 pervenit,
602 4184 709 4292 quod
741 4211 791 4262 ex
824 4203 861 4262 te
892 4210 997 4262 nunc
1027 4185 1204 4291 primum

55 4298 190 4378 audio.
249 4299 497 4378 Mittendum
525 4324 600 4404 ego
628 4295 715 4374 sane
743 4294 874 4374 sedulo
900 4323 1141 4389 curaveram,
1162 4316 1207 4377 ut

54 4410 149 4497 esset
168 4409 319 4517 ingenii
334 4409 742 4517 quantulumcunque,
760 4408 903 4486 amoris
921 4425 1053 4485 autem
1069 4408 1205 4487 adver·

118 4549 140 4629 5
633 4545 699 4598 cc
