2956 4980
167 239 223 339 64
575 222 702 316 Artis
728 222 911 350 Logicae
1106 214 1279 315 Lib..

163 396 318 508 plenius
355 395 647 525 distinguuntur
685 392 872 504 partibus.
936 391 1072 501 Hujus
1114 391 1315 520 utriusque

167 508 387 589 formavel
412 510 578 617 propriae
600 506 686 586 sunt
708 506 909 585 minorum
934 524 1048 600 notae,
1073 506 1137 585 vel
1164 505 1316 613 negati·

166 648 260 701 ones
281 621 450 729 parium.

205 733 396 841 P.ropriae
421 753 521 812 notae
546 729 813 811 contractioris
843 729 979 810 formae
1009 727 1097 807 sunt
1123 725 1315 838 primum,

165 872 280 926 voces
306 845 580 955 comparativa
604 844 896 935 Grammatieae,
922 869 1017 922 cum
1040 841 1205 921 nomina
1232 859 1315 921 tum

165 956 297 1050 verba,
317 956 528 1036 elationem
546 976 708 1083 utraque
729 954 996 1063 fignificantia,
1018 952 1044 1032 fi
1064 952 1187 1033 modd
1206 954 1316 1033 attri-

163 1067 333 1148 buantur
351 1096 389 1147 er
377 1069 515 1177 'quod
535 1069 724 1173 arguitur.
759 1066 874 1147 ovid.
898 1090 937 1145 2.
956 1066 1006 1145 de
1022 1066 1145 1151 Trist.
1169 1064 1315 1147 Saevior

164 1210 202 1259 es
220 1179 322 1289 tristi
335 1180 516 1284 Bustride.
576 1180 659 1259 Htc
679 1179 810 1259 minor
828 1177 967 1259 saevitia
986 1177 1171 1284 Bffiridzt
1187 1178 1318 1285 arguit

166 1291 357 1399 majorem
383 1292 528 1371 illius
518 1319 558 1370 m
584 1317 706 1399 quem
733 1311 849 1400 poeta
876 1286 1088 1371 invehitur
1148 1290 1317 1399 Praestat

29 1476 40 1493 ‚
150 1403 343 1514 sapientia
362 1402 518 1485 divitiis.
569 1402 716 1483 Saevior
734 1422 774 1482 et
785 1403 976 1530 praestat·
964 1400 1178 1481 elationem
1197 1400 1318 1530 figniz·

166 1516 297 1610 ficant,
318 1536 358 1597 et
377 1538 477 1597 notae
500 1515 586 1595 sunt
609 1514 789 1620 majoris;
820 1513 883 1593 sed
907 1514 1002 1621 quia
1026 1513 1314 1595 tribuuntur
1281 1541 1317 1593 er

165 1630 271 1737 quod
292 1630 481 1736 arguitur,
507 1647 786 1735 argumentum
811 1625 1019 1734 utrobique
1039 1623 1127 1707 est⁸
1113 1654 1135 1705 a
1155 1626 1314 1706 minori.

164 1742 302 1867 Atque
320 1738 396 1819 hoc
416 1738 549 1819 seduli>
569 1738 851 1820 advertendum
871 1738 942 1832 est,
967 1758 1011 1817 ut
1034 1756 1317 1847 argumentum

166 1852 323 1980 majoris
343 1847 364 1930 ⁸a
383 1852 529 1930 minori
557 1851 609 1956 dij
614 1851 769 1932 udicare
797 1850 936 1961 poffis:
967 1848 1112 1955 majora
1138 1850 1316 1931 enimet

165 1964 332 2056 minora,
349 1967 554 2043 contradtae
569 1962 781 2071 praesertim
801 1961 950 2056 formae,
963 1961 1116 2042 easdem
1136 1964 1316 2073 plerum-

163 2103 245 2205 que
261 2095 370 2156 notas
390 2104 467 2184 prae
485 2074 522 2154 se
539 2072 694 2170 ferunt;
716 2072 901 2212 idemque
916 2075 1149 2183 exemplum
1164 2094 1316 2155 utram·

164 2188 221 2267 vis
234 2190 274 2267 in
288 2207 440 2298 partem
452 2184 542 2266 vel⁸
528 2216 550 2266 a
563 2188 700 2293 majorr
690 2185 802 2266 vel⁸
788 2215 810 2266 a
823 2189 967 2267 minori
982 2214 1145 2292 arguere
1162 2186 1315 2297 potest:

164 2319 222 2392 ut,
228 2298 412 2407 saevtores
435 2300 493 2379 tri
520 2329 533 2377 ι
529 2299 655 2405 Rus
652 2297 744 2378 rade
805 2300 898 2380 Hoc
921 2299 948 2379 fi
968 2299 1017 2378 ad
1036 2296 1222 2379 saevitiam
1246 2326 1318 2379 cu·

157 2411 276 2517 jusvis
296 2412 609 2519 exaggerandam
627 2412 792 2504 dicatur,
823 2431 867 2491 ut
891 2410 967 2492 hoc
991 2409 1136 2505 loco,⁸
1120 2439 1145 2491 a
1168 2414 1317 2491 minori

163 2522 243 2603 est:
275 2525 302 2602 fi
322 2525 370 2602 ad
391 2522 574 2629 Bustridis
592 2521 934 2617 extenuandam,
920 2553 942 2603 a
968 2522 1120 2628 majori.
1180 2525 1255 2604 Si
1244 2526 1320 2631 rgi-

165 2653 228 2713 tur
255 2635 321 2714 illa
351 2663 436 2763 quae
463 2637 674 2715 elationem
701 2635 930 2742 significant,
958 2633 1174 2715 referantur
1197 2637 1249 2716 ad
1277 2637 1318 2716 id

162 2746 270 2854 quod
289 2749 480 2853 arguitur,
507 2748 593 2828 sunt
614 2748 680 2827 illa
698 2748 861 2856 quidem
882 2766 980 2827 notae
1000 2746 1171 2853 majoriS,
1195 2776 1318 2878 argu-

164 2879 345 2939 mentum
366 2879 497 2939 autem
518 2855 605 2938 est⁸
592 2887 613 2938 a
634 2861 801 2954 minori·
827 2858 1015 2968 qudniam
1036 2859 1176 2965 majus,
1202 2862 1317 2966 cujus

163 2970 230 3050 illa
246 2993 344 3053 notae
359 2971 460 3065 sunt,
474 2972 530 3051 est
548 2971 587 3051 id
603 2972 709 3078 quod
725 2973 924 3079 arguitur:
950 2972 1003 3051 srn
1025 2970 1090 3052 illa
1105 3000 1193 3080 quae
1206 2972 1317 3054 sum·

164 3083 385 3163 miffionem
401 3084 631 3191 fignificant,
648 3079 868 3164 referuntur
882 3081 930 3162 ad
944 3083 985 3163 id
1000 3082 1107 3190 quod
1119 3088 1316 3191 arguitur,

164 3194 252 3274 sunt
266 3195 332 3274 illa
348 3197 512 3303 quidem
533 3216 630 3275 notae
646 3196 824 3289 minoris,
842 3194 904 3274 sed
920 3214 1198 3324 argumentum
1218 3198 1277 3279 est
1294 3196 1318 3279 it

164 3306 327 3410 majori;
354 3308 541 3414 quoniam
563 3309 602 3386 id
622 3308 729 3415 quod
749 3308 940 3414 arguitur,
960 3308 1092 3387 minus
1111 3306 1180 3387 est.

220 3416 414 3511 Secundi),
451 3422 761 3528 comparationes
800 3421 1078 3499 Grammaticae
1115 3417 1315 3531 verba‘rque

165 3527 470 3609 summiffionem
498 3530 766 3638 fignificantia,
791 3552 837 3611 ut
861 3532 1006 3624 minor,
1031 3528 1208 3626 inferior,
1236 3554 1315 3615 etc

164 3640 397 3736 Posthabeo,
419 3643 623 3752 postpon0,
643 3643 812 3736 cedo,
777 3670 925 3738 vmcor,
946 3643 1118 3753 superor,
1138 3668 1216 3724 etc.
1274 3648 1317 3727 Si

163 3751 285 3849 modi)
304 3755 351 3833 ad
371 3753 412 3833 id
435 3756 542 3861 quod
566 3756 709 3861 arguit,
737 3752 948 3835 referatur:
979 3776 1024 3835 ut
1048 3754 1181 3837 cedant
1203 3787 1317 3839 arma

159 3882 269 3970 togae.
301 3867 383 3945 Hic
405 3886 503 3973 togae
521 3866 689 3972 dignitas
711 3867 887 3973 arguitur
905 3864 927 3946 a⁸t
947 3866 1092 3948 minori
1110 3896 1316 3951 armorum

163 3975 368 4082 dignitate,
388 4006 474 4085 quae
492 3978 610 4057 cedit.

217 4089 360 4195 Atquae
379 4087 438 4168 hae
457 4090 544 4168 sunt
563 4110 662 4169 notae
681 4092 916 4170 affirmantes
936 4094 1140 4171 contradtae
1154 4088 1311 4175 formae:

163 4199 306 4307 quibus
326 4202 623 4280 annumeranda
642 4202 730 4282 sunt
758 4204 879 4282 etiam
907 4203 987 4282 istae
1014 4201 1207 4299 formulae,
1227 4232 1316 4314 quae

66 4333 71 4341 '
161 4311 262 4392 fiunt
291 4314 497 4419 negatione
526 4315 697 4421 parium.
758 4315 899 4423 Philip.
921 4343 961 4420 9.
996 4317 1129 4395 Omnes
1146 4344 1193 4394 ex
1218 4318 1320 4399 omni

159 4443 287 4518 atate,
300 4425 414 4535 quiin
429 4425 499 4504 hac
514 4426 671 4506 civitate
684 4425 964 4533 intelligentiam
963 4425 1071 4533 juris
1085 4424 1314 4523 habuerunt,
