2956 4980
565 244 693 337 Astis
718 243 904 372 Logicae
1105 235 1215 335 Lib.
1239 279 1275 332 r.

469 570 595 651 CAP.
624 571 701 651 IX.
760 569 1003 681 DeEffliio.

214 773 275 826 ·,,
331 747 524 854 Ffeilum
546 746 610 854 est,
637 745 734 856 quod
746 747 766 826 ὲ
788 746 906 853 currsts
922 745 1057 854 exstit.
1111 744 1313 825 Effectum

184 938 208 969 Δ,
233 861 337 970 ιῖη,
380 855 474 937 cirm
496 859 541 938 fit
559 861 599 938 vi
624 859 806 938 omnium
828 856 1045 951 causarum,
1072 853 1233 937 dcausa
1259 877 1314 938 ta-

234 952 260 1063 ἶ
381 998 474 1050 men
500 971 693 1080 principe,
720 969 867 1050 scilicet
892 968 1101 1063 efficiente,
1125 969 1313 1051 effectum

218 1093 241 1113 '
277 1093 283 1099 ’
305 1084 330 1103 ”
381 1083 671 1163 denominatur.
707 1082 782 1161 Sed
800 1083 1006 1190 quoniam,
1026 1080 1054 1160 fi
1072 1080 1235 1192 proprie
1253 1083 1314 1163 lo-

161 1196 339 1305 quimur,
355 1193 541 1274 effestum
557 1194 605 1273 ab
621 1195 814 1274 efficiente
833 1194 914 1275 solo
929 1194 1112 1287 efficitur,
1128 1194 1314 1275 omnium

163 1327 295 1387 autem
314 1305 516 1386 causarum
535 1310 574 1385 vi
594 1307 664 1400 est,
684 1306 832 1385 idcirco
856 1334 935 1385 non
958 1304 1146 1386 definitur
1169 1334 1222 1385 cx
1246 1308 1314 1387 dc·

163 1421 431 1500 nominatione
450 1417 558 1526 qudd
578 1414 600 1496 ὲ
618 1419 738 1499 caufis
756 1418 939 1511 efficitur,
958 1417 1022 1496 sed
1041 1444 1150 1497 exre
1167 1421 1312 1527 potius,

163 1534 191 1611 i.
206 1561 244 1611 e.
265 1560 314 1611 ex
334 1532 539 1611 communi
564 1529 766 1609 causarum
783 1532 839 1623 vi,
859 1529 967 1637 quod
985 1527 1009 1609 ὲ
1027 1529 1149 1610 caufis
1176 1531 1233 1610 est
1253 1532 1312 1610 vel

163 1643 308 1723 existit.
367 1643 460 1746 Jam
487 1641 586 1721 illud
614 1640 681 1721 hic
708 1642 953 1723 monendum
981 1640 1052 1734 est,
1081 1670 1134 1721 ex
1161 1668 1252 1753 cap.
1273 1668 1311 1723 2.

164 1756 270 1863 quod
301 1754 341 1833 in
364 1753 476 1833 causa
504 1752 737 1862 explicanda
760 1756 1003 1846 monuimus,
1029 1752 1219 1833 effestum
1242 1754 1313 1835 effe

161 1885 441 1975 argumentum
455 1864 626 1945 absolute
643 1894 736 1945 cum
752 1864 864 1946 causa
879 1864 954 1945 five
971 1864 1090 1945 causae
1108 1866 1310 1947 consenta-

165 2007 301 2073 neum,
317 1979 344 2057 i.
365 2005 401 2057 c.
422 1977 578 2057 causam
596 1976 768 2057 absolute
786 2005 964 2085 arguere3
986 1978 1040 2057 ita
1058 1997 1104 2058 ut
1121 1979 1313 2086 quemad-

166 2092 331 2172 modum
360 2088 482 2199 pofita
510 2086 637 2183 causa,
668 2091 828 2200 ponitur
861 2089 1076 2181 effectum
1108 2091 1161 2170 fic
1190 2091 1312 2200 pofito

164 2204 320 2296 effefito,
339 2220 509 2311 ponatur
524 2202 660 2282 causa:
692 2221 736 2283 ut
762 2202 871 2282 enim
893 2201 1011 2282 causae
1034 2202 1130 2282 dant
1150 2202 1227 2284 esse
1254 2200 1313 2284 ef-

166 2314 283 2407 feito,
313 2315 366 2394 ita
391 2314 579 2394 effedum
602 2313 791 2423 effesttum
815 2312 934 2395 habet
957 2311 1134 2408 dcaufis,
1157 2316 1187 2396 i.
1208 2344 1246 2395 e.
1267 2314 1313 2395 ab

166 2428 374 2519 efficiente,
401 2455 451 2505 ex
481 2430 659 2520 materia,
691 2455 762 2536 per
787 2424 973 2519 formam,
1004 2445 1166 2535 propter
1194 2426 1313 2506 finem

165 2538 310 2617 existit.
369 2536 570 2617 Effectum
590 2538 713 2645 igitur
735 2537 864 2618 causas
889 2539 1032 2645 arguit,
1058 2555 1099 2616 et
1117 2538 1166 2618 ab
1186 2540 1234 2619 iis
1253 2540 1310 2617 vi·

165 2650 291 2729 ciffim
309 2650 504 2755 arguitur;
525 2648 686 2731 sednon
705 2652 789 2759 pari
808 2650 983 2730 ratione:
1003 2649 1192 2731 essedum
1206 2652 1314 2730 enim

166 2762 295 2869 arguit
307 2759 460 2840 causam
476 2760 549 2840 esse
563 2780 631 2840 aut
647 2761 772 2857 fuisse,
789 2759 1015 2855 Graecisi'rn
1037 2761 1148 2842 causa
1164 2782 1313 2858 autem,

165 2902 285 2982 quare
305 2873 351 2952 fit
368 2872 554 2953 effedtum
572 2874 826 2967 demonstrat,
858 2873 1004 2955 Graecis
1022 2868 1121 2954 deiri.
1180 2876 1315 2955 causa

166 2988 255 3067 sunt
283 2987 432 3096 priores
460 3004 499 3066 et
526 2986 696 3066 notiores
720 2985 923 3080 effectum,
949 3005 994 3065 ut
1022 2986 1228 3095 posterius,
1261 2989 1315 3069 ita

167 3100 297 3179 minus
315 3099 458 3205 arguit.
517 3100 581 3178 Sic
599 3117 806 3206 argentum
826 3099 988 3177 materia
1011 3098 1159 3206 poculi,
1188 3101 1316 3209 magis

167 3212 296 3317 arguit
319 3231 358 3288 et
383 3207 636 3290 manifestum
663 3211 791 3289 reddit
816 3229 995 3290 naturam
1019 3211 1167 3318 poculi,
1193 3208 1315 3320 quiam

168 3320 355 3431 poculum
374 3323 538 3427 argenti.
599 3323 803 3401 Interdum
823 3342 957 3401 autem
976 3321 1129 3419 effecta,
1144 3350 1226 3404 non
1246 3352 1316 3434 per

168 3436 204 3514 se
223 3431 401 3540 quidem,
421 3432 486 3511 sed
504 3433 616 3514 nobis
636 3436 801 3527 notiora,
821 3430 961 3514 clarius
980 3433 1110 3515 causas
1128 3454 1314 3542 arguunt,

168 3541 288 3657 quim
306 3563 523 3650 arguuntur
541 3544 563 3623 ὲ
580 3547 715 3625 causis.
748 3547 812 3626 Sic
831 3548 951 3625 etiam
966 3546 1198 3655 Arssoteles,
1212 3546 1313 3658 Post.

173 3656 739 3765 1.10.nilrilprohibeteorum
763 3687 844 3767 quae
854 3658 901 3764 se
920 3658 1104 3767 reciproci
1126 3678 1315 3766 arguunt,

168 3787 212 3850 ut
230 3768 342 3848 causa
361 3787 401 3847 et
419 3768 622 3863 effectum,
653 3768 695 3849 id
711 3771 832 3850 notius
854 3799 1109 3880 nonnunquam
1134 3770 1201 3880 effe
1222 3771 1320 3881 quod

166 3910 235 3963 non
253 3879 302 3987 est
319 3879 441 3985 caustl.

223 3993 312 4071 Sive
336 3992 457 4099 igitur
479 3992 679 4098 gignatur,
695 3992 782 4098 stur
813 4009 1091 4101 corrumpatur,
1103 3992 1193 4098 five
1216 3992 1315 4075 moda

165 4102 336 4215 quolibet,
348 4122 542 4183 moveatur
553 4103 741 4213 quidlibet,
757 4104 817 4185 laic
830 4124 948 4185 motus
961 4122 998 4184 et
1011 4133 1071 4184 res
1089 4106 1315 4212 mutufaila

133 4206 140 4219 ⁸
165 4216 333 4327 efficium
351 4215 504 4295 dicitur.
569 4217 621 4296 Ut
639 4217 840 4296 causarum
865 4218 975 4296 modi
998 4216 1164 4326 quidem
1185 4218 1312 4313 fuere,

165 4334 343 4408 ita-nunc
369 4326 600 4407 cffediotum
623 4329 784 4435 quidam
810 4327 870 4409 his
889 4328 1017 4409 verbis
1043 4329 1311 4411 ostenduntur.

165 4440 282 4521 Modi
302 4439 534 4521 effectorum
555 4443 753 4557 generales
768 4440 870 4535 sunt,
891 4443 953 4521 vel
972 4440 1169 4551 speciales.
1229 4442 1314 4523 Ge-
