2956 4980
180 244 228 322 16
576 229 702 325 Artis
728 231 913 361 Logicae
1113 229 1221 329 Lib.
1252 272 1287 326 1.

175 403 225 483 ad
256 431 383 482 unum
407 401 615 511 quidpiam
645 405 843 510 agendum
874 402 1172 501 determinatur,
1206 405 1322 512 idque

173 513 301 594 solum
320 515 386 594 sua
405 515 662 624 propenfione
677 515 760 621 agit
779 543 864 622 quae
882 514 1079 594 neceffitas
1100 535 1245 625 natura
1263 518 1323 595 di-

174 628 300 721 citur;
331 654 381 706 ex
397 624 603 735 hypothesi
619 628 824 707 nimirum.
886 628 929 706 N
933 626 976 707 ifi
996 627 1107 707 Deus
1127 628 1235 707 aliud
1254 657 1323 708 vo-

174 739 305 833 luerit,
319 757 386 819 aut
401 758 563 818 externa
575 738 632 817 vis
644 738 828 818 aliorsum
840 738 1059 847 impulerit,
1073 756 1119 818 ut
1130 739 1323 849 Lapidem

173 848 335 930 sursum.
395 850 538 930 Libere
564 851 647 957 agit
671 849 844 932 efficiens
871 878 952 929 non
975 848 1053 930 hoc
1072 851 1263 932 duntaxat
1282 872 1325 932 ut

173 961 345 1042 naturale
360 989 491 1069 agens,
505 960 569 1041 sed
584 960 661 1041 hoc
674 963 737 1041 vel
749 963 850 1042 illud
864 990 936 1071 pro
949 963 1110 1042 arbitrio
1124 961 1243 1070 idque
1257 964 1326 1044 ab·

173 1074 295 1153 solute
311 1073 375 1153 vel
394 1102 444 1153 ex
463 1072 683 1183 hypothefi.
742 1074 931 1155 Absolute
951 1072 1052 1154 solus
1072 1075 1183 1154 Deus
1202 1075 1324 1156 libere

173 1186 256 1292 agit
273 1185 407 1264 omnia
422 1217 432 1281 ;
463 1187 504 1264 id
520 1185 576 1264 est
589 1186 780 1293 quicquid
794 1186 879 1266 vult
895 1214 906 1277 ;
936 1204 976 1265 et
990 1213 1105 1293 agere
1121 1187 1249 1294 potest
1262 1188 1324 1267 vel

173 1324 252 1376 non
271 1325 411 1405 agere3
442 1297 654 1377 Testantur
672 1295 750 1377 hoc
777 1298 914 1406 paffim
941 1297 1051 1377 sacra²
1076 1298 1222 1378 literae:
1255 1300 1324 1379 Li-

85 1492 88 1501 ,
172 1407 264 1488 bere
280 1437 329 1488 ex
345 1406 566 1518 hypothefi,
581 1409 656 1489 illae
670 1409 860 1489 duntaxat
874 1408 994 1488 causae
1012 1437 1098 1518 quae
1115 1411 1266 1491 ratione
1284 1430 1325 1492 et

171 1520 330 1600 confilio
350 1518 514 1615 faciunt,
536 1539 581 1600 ut
599 1521 730 1628 angeli
750 1540 790 1601 et
808 1520 1015 1614 homines;
1047 1549 1097 1600 ex
1117 1519 1324 1631 hypothefi

172 1634 365 1712 nimirum
394 1633 533 1712 divinae
563 1632 789 1725 voluntatis,
823 1661 909 1740 quae
946 1634 993 1712 iis
1024 1632 1146 1713 libere
1181 1635 1324 1741 agendi

171 1743 405 1851 potestatem
423 1744 464 1823 in
484 1744 681 1854 principio
702 1742 810 1823 fecit.
871 1743 1047 1824 Libertas
1067 1745 1174 1824 enim
1194 1745 1325 1854 potes·

172 1874 228 1934 tas
248 1854 304 1933 est
322 1856 464 1963 agendi
479 1855 543 1935 vel
563 1882 641 1935 non
660 1856 802 1963 agendi
821 1853 898 1935 hoc
913 1857 976 1934 vel
996 1855 1108 1936 illud.
1159 1859 1324 1968 Nempe

171 1967 242 2047 nisr
262 1967 373 2047 Deus
393 1967 499 2047 aliud
518 1967 701 2060 voluerit,
721 1987 789 2047 aut
807 1968 865 2046 vis
884 1967 1041 2047 aliunde
1060 1968 1232 2075 ingruat.

229 2082 310 2159 Per
327 2077 493 2159 accidens
507 2078 617 2187 affcit
632 2078 756 2181 causa,
770 2108 853 2188 quae
867 2096 1023 2159 externa
1028 2079 1228 2187 facultate
1246 2081 1327 2190 effi·-

169 2188 234 2270 cit.
266 2191 315 2271 Id
334 2190 403 2285 est,
421 2219 499 2270 non
512 2190 599 2285 sua;
618 2188 712 2270 clun
728 2193 973 2300 principium
986 2191 1117 2271 effecti
1137 2191 1194 2271 est
1211 2214 1324 2273 extra

169 2303 420 2396 efficientem,
441 2296 728 2411 externirmque
755 2304 998 2412 principium
1021 2305 1174 2384 interno
1193 2332 1324 2415 oppo-

169 2414 309 2494 srtumz·
326 2414 377 2494 fic
393 2442 432 2493 n.
446 2414 617 2494 efficiens
636 2442 715 2494 non
735 2414 857 2494 efficit
873 2443 944 2524 per
963 2414 1013 2509 se,
1028 2414 1091 2495 sed
1110 2444 1181 2524 per
1199 2417 1323 2496 aliud.

169 2526 280 2605 Hinc
300 2554 389 2604 vere
412 2525 570 2620 dicitur,
591 2555 690 2606 omne
717 2526 884 2637 efficium
912 2525 1032 2632 causae
1056 2543 1129 2636 per
1155 2527 1324 2609 accidens

161 2637 278 2745 potest
295 2634 427 2717 reduci
440 2636 495 2718 ad
509 2637 655 2743 caustrm
667 2653 739 2746 per
745 2637 805 2743 st.

229 2750 281 2829 Ut
295 2748 334 2828 in
353 2748 411 2828 his
424 2749 622 2858 quaeflunt
641 2750 834 2843 erodiona,
854 2751 921 2830 vel
919 2750 1101 2858 fortuna.
1161 2751 1259 2829 Duo
1278 2778 1319 2830 n.

166 2856 249 2940 haec
268 2860 355 2940 sunt
374 2880 534 2940 externa
548 2861 744 2970 principia
763 2863 938 2955 internis,
961 2880 1103 2941 naturae
1118 2889 1263 2969 nempe
1281 2882 1322 2942 et

166 2971 358 3053 voluntati
385 2974 461 3052 five
480 2973 655 3067 confilio,
676 2974 866 3081 oppofita.
926 2975 991 3052 Sic
1010 2974 1171 3081 Arssot.
1195 2972 1319 3054 Rhet.

169 3108 207 3162 2.
224 3110 291 3164 20.
308 3081 403 3164 clun
423 3084 592 3178 dixisset,
605 3083 787 3165 homines
806 3083 933 3164 facere
953 3085 1131 3192 quaedam
1151 3112 1230 3164 non
1250 3114 1321 3194 per

165 3194 216 3288 se,
236 3197 414 3305 quaedam
435 3225 504 3305 per
523 3196 585 3293 se3
615 3194 827 3303 subjungit,
849 3225 1073 3306 eorumquae
1090 3225 1160 3277 non
1176 3216 1249 3306 per
1256 3197 1318 3302 st,

165 3307 243 3386 alia
262 3325 336 3416 per
347 3307 566 3415 fortunam,
587 3307 664 3387 alia
690 3336 736 3385 ex
762 3308 976 3413 necfftate.
1035 3308 1111 3387 Sed
1135 3307 1318 3414 necfftas

164 3446 243 3498 vox
264 3420 381 3498 nimis
402 3418 477 3499 lata
494 3418 563 3512 est,
577 3437 621 3498 ut
637 3445 687 3497 ex
704 3416 816 3527 supra
831 3420 944 3499 diuis
964 3420 1012 3498 de
1033 3419 1227 3499 efficiente
1247 3448 1319 3501 na-

166 3530 280 3610 turali
299 3531 463 3639 patebit.

222 3643 437 3721 Coattione
466 3642 510 3721 fit
537 3641 701 3749 aliquid,
721 3671 815 3722 cum
835 3642 1006 3722 efficiens
1027 3641 1066 3721 vi
1090 3643 1250 3750 cogitur
1267 3643 1316 3723 ad

164 3751 364 3833 effestum.
425 3754 486 3832 Ut
505 3781 597 3832 cum
618 3753 715 3862 lapis
736 3754 884 3833 sursum
903 3754 967 3834 vel
992 3757 1093 3833 recta
1112 3754 1318 3862 projicitur

163 3866 232 3973 qui
259 3865 391 3975 suapte
422 3883 558 3946 natura
584 3865 766 3946 deorsum
794 3864 930 3945 fertur.
990 3866 1090 3945 Haec
1117 3866 1316 3946 neceffitas

162 3977 372 4057 coactionis
389 3976 532 4056 dicitur
547 3995 587 4056 et
600 3978 720 4057 causrs
736 3980 857 4058 etiam
877 3977 1009 4058 liberis
1029 4005 1314 4085 nonnunquam

162 4088 337 4166 accidere
362 4087 502 4196 potest.
556 4090 621 4168 Sic
647 4089 797 4170 neceffe
823 4090 879 4168 est
905 4089 1113 4168 mercatori
1142 4089 1183 4167 in
1211 4108 1316 4168 tem-

160 4199 306 4307 pestate
320 4227 469 4279 merces
484 4199 637 4306 ejicere,
653 4202 843 4308 srquidem
860 4199 984 4279 salvus
1000 4199 1074 4278 effe
1086 4201 1183 4279 vult.
1214 4201 1314 4280 Haec

158 4313 292 4418 itaque
312 4311 509 4392 neceffitas
535 4313 679 4391 mixtas
698 4311 886 4420 quasdam
909 4312 1080 4391 actiones
1106 4312 1313 4420 produxit,

158 4451 255 4533 quas
275 4423 369 4504 facit
388 4424 476 4530 quis
492 4423 626 4503 volens
644 4424 801 4504 nolente
822 4423 971 4517 animo,
991 4422 1098 4530 quod
1116 4424 1244 4505 aiunt.
1308 4489 1311 4494 .
