2956 4980
155 277 177 330 2
184 278 235 358 30
404 238 566 332 Literae
592 243 785 333 Senatus
812 232 1082 366 Angiicani.

157 431 251 483 cum
271 424 431 511 propter
451 400 574 508 ipsam
594 430 693 496 rem,
707 430 828 511 quam
848 400 1028 495 suadetis,
1045 397 1226 478 maxime
1241 426 1312 478 ex·

159 516 384 625 petendam,
398 511 484 593 tinn
496 534 657 623 propter
671 514 866 594 summam
878 515 1000 593 etiam
1013 508 1311 604 authoritatem,

159 655 245 735 quae
253 628 376 707 Vobis
383 654 461 734 prae
472 625 696 707 caeterishac
709 628 749 705 in
757 644 867 735 parte
879 621 1311 716 meritbtribuendaest,

160 741 230 846 qui
246 740 347 818 inter
359 739 554 818 maximos
565 739 875 846 circumquaque
889 735 1085 816 bellorum
1099 735 1312 828 tumultus,

162 870 202 930 et
221 852 292 957 ipfi
308 850 503 931 summam
523 879 663 959 pacem
682 852 792 930 domi
812 848 983 957 forisque
1003 847 1155 928 tamdiu
1167 845 1312 940 colitis,

161 982 199 1042 et
215 964 300 1041 aliis
315 962 500 1042 omnibus
520 963 627 1070 pacis
642 962 813 1042 colendae
826 962 940 1042 fimul
955 960 1174 1040 hortatores
1185 975 1227 1037 et
1243 986 1314 1037 ex-

162 1074 342 1181 emplum
367 1074 568 1180 optimum
595 1073 799 1168 extitistis;
829 1070 925 1154 ciam
956 1073 997 1151 id
1026 1071 1197 1178 denique
1227 1068 1313 1149 sua·

163 1185 301 1277 deatis‚
321 1185 429 1293 quod
461 1211 530 1263 nos
561 1185 692 1265 dedita
722 1187 855 1295 opera,
888 1184 1007 1292 idque
1037 1181 1143 1263 haud
1176 1179 1312 1275 semel,

163 1323 241 1375 non
262 1316 342 1376 tam
364 1295 501 1377 nostris
522 1296 752 1391 rationibus,
766 1294 886 1405 quim
900 1294 1083 1376 universa
1102 1295 1159 1375 tei
1179 1295 1314 1373 Evan-

162 1408 296 1515 gelicae
325 1407 617 1517 prospicientes,
639 1437 710 1519 per
740 1410 909 1516 Legatos
928 1407 1099 1515 aliosque
1129 1404 1313 1516 publicos

163 1520 369 1600 Ministros
390 1521 618 1629 petivimus,
639 1521 857 1600 amicitiam
879 1517 1071 1599 nimirism
1091 1535 1131 1598 et
1150 1517 1313 1597 arctiffi-

164 1659 278 1711 mum
292 1630 418 1712 foedus
433 1661 528 1713 cum
548 1630 743 1712 foederatis
764 1633 967 1739 Belgarum
988 1628 1204 1712 Provincia}
1219 1627 1312 1711 feri·

160 1743 321 1823 endum.
359 1741 535 1825 .Veri1m
551 1745 610 1823 illi
624 1744 717 1851 (five
733 1742 799 1824 illa
818 1742 1010 1855 perpetub
1024 1742 1135 1822 nobis
1154 1737 1307 1835 infesta,

165 1855 282 1961 regiis
307 1856 460 1935 addicta
487 1856 677 1965 partibus,
698 1856 911 1963 tyrannidis
933 1853 1074 1964 etipsa
1096 1851 1203 1964 apud
1227 1853 1312 1932 suos

164 1965 349 2046 affeciatae
377 1988 579 2076 comperta
603 1969 820 2074 Arauſsana
844 1965 963 2047 factio
991 1963 1123 2076 potius
1147 1964 1312 2046 dicenda

166 2077 239 2184 est)
260 2106 340 2186 quo
360 2082 474 2185 pacto
500 2081 669 2187 Legatos
690 2078 852 2173 nostros,
874 2107 950 2160 non
970 2077 1020 2157 de
1043 2105 1154 2187 pace,
1173 2075 1240 2157 sed
1265 2076 1311 2156 de

167 2188 335 2269 fraterni
362 2191 535 2270 amicitii
562 2220 606 2272 ac
629 2190 776 2271 foedere
798 2192 1006 2271 arctiffimo
1025 2190 1226 2269 venientes
1249 2215 1311 2269 ac·

166 2304 356 2413 ceperint,
372 2331 467 2410 quas
482 2304 614 2411 postea
633 2304 727 2384 belli
746 2303 875 2384 causas
895 2301 1143 2412 praebuerint,
1164 2320 1211 2382 ut
1230 2328 1314 2393 nos,

167 2414 268 2495 inter
283 2414 363 2521 ipsa
378 2417 620 2523 Legatorum
634 2415 792 2496 suorum
807 2417 856 2495 de
869 2413 1015 2496 foedere
1026 2412 1240 2521 colloquia,
1254 2414 1315 2492 in·

168 2526 309 2605 structi
321 2526 432 2605 claffe
446 2525 546 2606 nihil
565 2528 640 2607 tale
653 2529 883 2635 cogitantes,
897 2528 937 2606 in
955 2525 1045 2635 ipfis
1061 2526 1224 2605 navium
1240 2524 1321 2605 sta-

169 2636 340 2716 tionibus
357 2637 508 2732 nostris,
521 2639 625 2719 ultrb
641 2640 869 2733 lacefferint,
886 2668 936 2719 ex
953 2640 1022 2717 illo
1037 2634 1058 2716 ὲ
1075 2636 1188 2718 nobis
1202 2665 1248 2716 ea
1268 2637 1317 2716 de

167 2777 208 2827 re
225 2747 381 2855 publice
399 2749 554 2858 scripto,
570 2771 609 2832 et
622 2779 725 2832 nunc
737 2749 814 2831 uni
825 2780 920 2831 cum
930 2749 1034 2831 hisce
1047 2749 1171 2830 literis
1185 2748 1235 2828 ad
1248 2777 1313 2828 vos

167 2861 293 2954 mitio,
307 2860 461 2941 abunde
476 2863 718 2971 intelligetis.
752 2865 840 2944 Nos
855 2882 988 2943 autem
1001 2863 1041 2942 in
1055 2862 1095 2941 id
1110 2859 1245 2941 sedulb
1255 2862 1317 2940 in-

167 2973 408 3067 cumbimus,
429 2975 521 3054 Deo
543 2975 642 3055 bene
660 2976 836 3081 juvante,
856 2977 1036 3085 quamvis
1062 3002 1102 3054 re
1128 2970 1316 3053 habienits

168 3082 249 3165 tim
265 3086 445 3195 prospere
459 3086 578 3193 gesta,
594 3106 637 3166 ut
650 3115 775 3195 neque
788 3087 925 3168 nostris
938 3089 1151 3194 quicquam
1167 3084 1315 3166 viribus

167 3217 235 3277 aut
249 3199 373 3307 copiis
386 3198 616 3294 tribuamus,
631 3199 694 3278 sed
708 3201 792 3279 Uni
806 3201 955 3279 Omnia
968 3199 1073 3292 Deo,
1087 3225 1216 3305 neque
1229 3196 1316 3278 suc·

169 3308 331 3389 ceffibus
358 3309 563 3391 insolentis
582 3310 816 3391 efferamur:
848 3311 1111 3418 Eundemque
1135 3310 1316 3390 animum

168 3423 380 3501 retinemus
393 3422 642 3503 conficiendae
655 3421 765 3530 justae
781 3442 898 3532 atque
917 3421 1084 3504 honestae
1103 3422 1212 3530 pacis
1229 3448 1316 3501 om-

170 3558 235 3612 nes
247 3535 463 3613 occasrones
476 3535 660 3643 amplecti
681 3535 977 3644 paratissimum.
1037 3536 1119 3614 Vos
1140 3534 1315 3626 interim,

169 3644 336 3752 Illustres
353 3675 398 3725 ac
411 3647 700 3756 praestantifflmi
719 3647 886 3741 Domini,
907 3645 1049 3754 quibus
1069 3647 1184 3755 pium
1200 3664 1317 3755 atque

170 3757 397 3864 praeclarum
423 3757 498 3838 boc
526 3759 699 3838 studium
718 3759 792 3852 est,
818 3758 897 3839 solo
919 3759 1158 3866 Evangelico
1183 3785 1317 3839 amore

169 3870 358 3976 impulsas,
381 3869 515 3951 fratres
545 3872 645 3950 inter
666 3870 701 3951 se
722 3890 911 3951 certantes
931 3897 1170 3981 componere
1199 3889 1317 3979 atque

169 3981 392 4075 conciliare,
409 4003 448 4060 et
462 3984 572 4061 omni
585 3981 888 4090 apudbomines
909 3983 1023 4064 laude
1038 3982 1165 4089 digni,
1182 3980 1318 4062 coeles·

170 4093 218 4172 tis
234 4091 339 4170 illius
360 4092 616 4200 pacificorum
632 4096 782 4202 praemii
799 4096 902 4203 apud
923 4095 1061 4175 Deum
1076 4093 1182 4174 haud
1197 4091 1317 4175 dubie

169 4225 372 4312 compotes
412 4204 549 4300 futuri,
581 4207 691 4312 cujus
726 4206 887 4287 summae
924 4205 1159 4315 benignitati
1198 4225 1317 4314 atque

169 4318 300 4425 gratiae
321 4345 388 4396 vos
409 4317 612 4426 vestroque
633 4348 769 4400 omnes
793 4349 843 4400 ex
868 4319 1000 4399 animo
1020 4318 1318 4401 commendatos

171 4429 364 4521 volumus,
394 4429 516 4538 siqua
540 4431 579 4508 in
609 4459 648 4510 re
670 4431 778 4511 vobis
806 4431 890 4511 usui
922 4430 996 4511 effe
1027 4430 1245 4540 poffumus,
1270 4429 1317 4509 ad
