2956 4980
95 226 313 362 Cap-12.
394 218 599 326 'Plenior
623 227 873 328 Institutio.
945 298 947 302 Α
1139 271 1214 354 153

119 401 299 513 Restituis
316 402 446 514 cupido
464 420 577 515 atque
595 402 803 514 insperanti
817 404 895 512 ipsto
914 405 1035 513 resers
1052 425 1090 486 te
1319 390 1322 395 ¹

177 515 318 608 Nobis3
336 518 362 595 d
376 517 492 596 lucem
511 515 720 597 candidiore
737 519 850 596 nota!

117 627 216 736 Qo's
230 656 288 709 me
306 656 377 708 uno
395 629 499 709 omit
501 629 673 737 felicior,
693 646 762 708 ont
780 628 899 735 magis
917 629 990 710 hac
1008 629 1099 740 qnid

179 739 395 850 optandam
413 740 500 822 vita
518 741 637 822 dicere
656 741 737 851 quis
750 740 928 851 poterit?

119 888 170 969 In
189 886 268 970 hoc
286 889 474 999 exemplo
494 890 707 1000 propofitio
723 891 879 970 videtur
897 890 971 970 elle
987 893 1216 1002 compofita,

59 1000 232 1112 fimplex
251 1020 384 1083 tamen
403 1002 473 1097 est,
487 1022 525 1082 et
541 1000 784 1113 syllogismus
799 1003 989 1112 fimplex3
1010 1006 1104 1113 quia
1124 1006 1217 1084 fim·
1381 998 1385 1005 ¹

58 1112 157 1223 plex
168 1113 434 1223 estdispofitio
446 1117 670 1224 argumenti
685 1141 779 1193 cum
795 1116 971 1229 partibus
983 1117 1216 1225 quaestionis.

59 1225 230 1337 Duplex
248 1223 316 1307 hic
334 1226 478 1339 crypfis
498 1227 568 1322 est,
585 1226 751 1308 inverfio
767 1246 806 1308 et
821 1227 1090 1311 redundantia.
1128 1231 1217 1310 Pri-

58 1364 131 1419 mo
149 1337 241 1419 loco
260 1337 317 1419 est
340 1339 555 1449 propofitio
568 1340 614 1445 β
638 1338 831 1450 quicquam
860 1338 1002 1451 cupido,
1031 1358 1104 1423 etc.
1130 1343 1157 1421 i.
1179 1371 1215 1423 e.

58 1450 1218 1678 tl‘qlluffltll{lilllntlsslsssnz{llll}

61 1675 217 1756 Catullo
235 1694 370 1786 optata
390 1676 519 1756 rediit.
553 1675 765 1779 Conclufio
784 1674 840 1755 est
853 1674 963 1756 versu
980 1678 1094 1757 tertio
1108 1677 1218 1757 illus·-

58 1805 161 1869 trata
179 1783 203 1867 ὲ
221 1788 383 1883 minori,
406 1818 523 1899 quare
540 1788 607 1869 hoc
624 1788 673 1899 ιβ
688 1806 845 1895 gratnm
867 1806 905 1868 et
930 1818 1023 1868 aaro
1048 1789 1215 1872 charius.

58 1898 214 1981 Tribus
234 1901 443 2010 postremis
464 1900 633 1982 verfibus
658 1903 821 1981 iteratur
844 1900 1031 1981 sententia
1054 1904 1217 1983 conclu·

59 2012 193 2107 lionis,
208 2008 389 2123 primum
404 2012 452 2093 ab
467 2013 650 2120 adjuncto
665 2032 859 2123 tempore,
874 2014 898 2092 d
913 2014 1054 2093 lucem:
1075 2015 1216 2097 deinde

58 2120 83 2205 ὅ
100 2126 205 2236 pari,
223 2152 324 2207 nemo
341 2155 397 2205 me
400 2124 571 2240 felicior,
591 2143 661 2206 aut
679 2125 797 2235 magis
815 2126 887 2206 hac
904 2124 1005 2254 qnid,
1027 2146 1102 2206 etc.

119 2240 298 2351 Qartus
335 2238 477 2318 modus
516 2236 572 2318 est
609 2258 772 2345 negatus
810 2237 1010 2349 specralis:
1050 2238 1218 2320 docetor

57 2348 224 2431 monto}
238 2350 378 2459 puella
400 2349 541 2460 nonest
567 2349 801 2435 landandus:
832 2351 1063 2460 Demophoon
1087 2381 1107 2430 e
1154 2351 1218 2432 de·

57 2478 189 2573 ceptor
223 2462 385 2545 amantis
416 2462 584 2573 puellae,·
635 2462 867 2570 Demophoon
905 2462 1026 2569 igitur
1063 2492 1132 2543 non
1169 2464 1218 2573 ιβ

56 2572 284 2656 laudandus.
352 2574 500 2685 Phyllis
518 2574 624 2685 apud
646 2574 822 2655 Ovidium
841 2575 895 2655 ita
907 2574 1061 2685 judicat
1078 2578 1218 2658 Demo-

51 2687 246 2798 phoontem
264 2685 506 2768 laudandum
525 2714 605 2767 non
626 2686 713 2767 elle.

117 2822 271 2905 Fallere
288 2822 491 2905 credentem
510 2853 579 2905 non
599 2823 647 2931 ιβ
665 2824 809 2933 operosa
821 2827 985 2935 puellam

179 2935 339 3017 Gloria:
354 2936 581 3047 stmplicitas
599 2935 972 3045 dignafhvoresnit.

118 3046 211 3129 Sum
229 3046 381 3159 decepta
399 3049 476 3130 tais
493 3067 530 3129 et
549 3078 678 3132 amans
696 3049 903 3156 etfamina
922 3049 1074 3142 verbis,·

175 3160 254 3243 Dii
253 3161 416 3270 faciant
434 3161 554 3243 laudis
558 3160 708 3270 srcmma
711 3162 771 3267 fit
792 3162 859 3271 ista
879 3180 971 3244 tua.

119 3321 338 3431 Propofitio
355 3321 468 3403 suum
488 3323 641 3404 obtinet
660 3323 793 3402 locum
811 3351 904 3402 cum
921 3323 1217 3434 prosyllogismo

61 3433 252 3541 adjuncta
272 3435 544 3544 fimplicitatis,
571 3454 616 3515 ut
637 3435 756 3514 causae
779 3463 849 3514 cur
867 3436 1055 3545 deceptor
1074 3465 1150 3516 non
1171 3438 1217 3517 s1t

60 3545 292 3628 laudandus.
350 3547 577 3657 Allumptio
608 3547 794 3656 sequitur,
835 3547 920 3627 sum
949 3546 1098 3658 decepta
1126 3550 1217 3643 tais,

62 3677 140 3739 etc.
178 3659 451 3741 Conclufionis
470 3660 658 3740 sententia
678 3661 961 3769 imprecatione
978 3663 1216 3756 continetur,

61 3769 119 3853 dii
117 3768 294 3879 faciant,
315 3789 391 3857 etc.

119 3884 297 3992 Qintus
313 3883 453 3964 modus
474 3882 528 3964 est
548 3884 761 3964 affirmatus
781 3887 987 3995 proprius:
1019 3903 1078 3978 ut,
1099 3887 1217 3964 oao-

61 3995 150 4077 vius
168 3995 217 4106 ιβ
235 3996 356 4079 hares
373 3996 562 4104 Castoris:
585 3997 743 4104 egosrcm
767 3998 951 4078 Oblavius
964 4029 977 4090 ,·
986 3996 1075 4105 stem
1095 3996 1217 4105 igitar

59 4109 183 4191 hares
204 4108 378 4215 Castoris.

118 4223 262 4301 Sextus
280 4222 423 4303 modus
443 4219 499 4301 est
523 4238 685 4328 negatus
710 4222 916 4331 proprius:
950 4239 1006 4314 ut,
1028 4223 1218 4303 Antonius

60 4362 131 4415 non
157 4331 207 4447 ιβ
219 4333 333 4443 filins
353 4332 542 4440 Castoris:
572 4350 616 4413 tn
639 4363 676 4413 es
696 4333 886 4414 Antonius
897 4366 911 4427 ,·
942 4364 1011 4413 non
1037 4364 1073 4412 es
1096 4336 1219 4442 igitur

43 4445 163 4554 filius
182 4445 358 4554 Castoris.
