2956 4980
164 229 213 335 38
574 214 700 308 Artis
726 214 910 344 Logicae
1110 206 1224 307 Lib.
1248 250 1283 303 r.

162 388 352 469 remiffior
371 407 411 469 et
430 388 662 498 imperfecta
679 387 800 496 (unde
816 386 1074 467 consentanea
1090 383 1215 465 divisa
1233 381 1315 460 sunt

161 503 203 579 in
224 528 268 581 ea
288 530 373 609 quae
388 500 561 582 absolute
578 501 640 580 vel
656 500 776 581 modo
792 500 966 607 quodam
980 496 1247 602 consentiunt)
1264 496 1314 573 ita

162 613 336 694 dissensro
351 616 480 694 omnis
494 617 555 693 vel
572 614 762 693 remiffior
777 612 848 705 est,
861 630 905 692 ut
920 615 962 693 in
976 610 1227 691 distinctione
1241 607 1312 685 five

161 726 391 807 discretione
411 726 666 818 diversorum,
686 725 748 804 vel
768 725 907 818 acrior,
931 743 976 803 ut
994 725 1037 803 in
1055 720 1311 829 disjunctione

162 840 456 947 oppofitorum:
488 865 582 946 ergo
602 838 836 918 dissentanea
861 855 928 917 aut
952 838 1103 916 ratione
1127 854 1170 914 et
1196 831 1310 912 modo

161 951 334 1059 quodam
354 951 594 1044 dissentiunt,
612 970 657 1029 ut
674 948 838 1043 diversa,
858 968 925 1028 aut
944 977 985 1029 re
1004 967 1046 1030 ct
1062 945 1250 1039 absolute,
1270 962 1310 1020 ut

161 1064 351 1171 opposrta.
412 1060 565 1143 Verum
580 1063 687 1170 quod
707 1062 756 1142 de
775 1061 1040 1141 consentaneis
1058 1061 1182 1139 etiam
1197 1055 1309 1162 objici

161 1176 308 1283 potuit,
336 1175 536 1284 speciebus
563 1204 669 1284 aeque
701 1173 1080 1255 communicandum
1109 1171 1167 1251 est
1191 1194 1309 1278 genus

164 1285 252 1393 (has
265 1289 373 1366 enim
385 1316 499 1367 voces
511 1288 631 1366 etiam
643 1287 848 1367 communi
864 1285 933 1366 usu
946 1286 1044 1365 citra
1055 1303 1183 1364 artem
1194 1277 1309 1387 vulgo

161 1400 396 1495 intellectus,
414 1429 508 1510 pace
528 1399 707 1479 methodi
727 1426 1012 1507 nonnunquam
1025 1396 1239 1505 anticipare
1259 1391 1310 1471 fas

162 1511 223 1620 srt)
239 1512 506 1621 respondetur,
519 1513 859 1621 quemadmodum
874 1510 1129 1590 consentanea
1141 1506 1310 1589 absolute

162 1643 201 1703 et
229 1626 349 1704 modo
372 1627 545 1734 quodam
572 1643 681 1705 erant
705 1653 812 1732 aeque
844 1622 1114 1715 consentanea,
1140 1620 1207 1700 sed
1237 1645 1310 1696 non

161 1763 271 1842 aeque
290 1736 595 1832 consentiebant,
617 1738 667 1816 fic
687 1736 833 1815 diversa
854 1755 895 1815 et
913 1736 1087 1844 opposrta
1106 1761 1217 1841 aeque
1237 1729 1310 1809 dis-

162 1846 340 1926 sentanea
360 1848 460 1942 sunt,
486 1849 549 1928 sed
576 1877 654 1928 non
677 1877 785 1956 aeque
814 1848 1064 1938 diffentiunt3
1092 1846 1134 1925 in
1157 1840 1311 1924 diversrs

162 1978 244 2039 tam
264 1961 319 2039 est
338 1960 512 2040 diffenfio
528 1959 650 2069 quam
666 1962 705 2040 in
723 1961 924 2071 opposrtis,
940 1958 1004 2039 sed
1021 1985 1100 2038 non
1117 1975 1248 2038 tanta:
1270 1973 1312 2032 ut

161 2071 203 2149 in
223 2099 264 2151 re
284 2072 400 2151 srmili
422 2075 510 2153 Cic.
532 2074 581 2155 de
602 2076 636 2153 F
638 2074 747 2175 in.·4.
769 2073 871 2182 aequi
886 2071 1065 2176 contingit
1079 2068 1210 2149 omnib.
1217 2064 1312 2174 fidi-

160 2181 241 2276 bns,
263 2202 307 2263 nt
335 2186 553 2269 incontentae
567 2186 676 2291 stnt;
706 2184 803 2265 illud
826 2215 896 2265 non
925 2181 1108 2276 continui,
1137 2198 1183 2261 ut
1211 2178 1313 2288 aequt

160 2294 391 2378 incontentae.
452 2298 616 2379 Diversa
636 2317 768 2377 autem
789 2298 936 2377 idcirco
955 2296 1084 2405 priore
1107 2296 1196 2374 loco
1213 2311 1312 2372 trac-

161 2426 306 2503 tantur,
327 2409 434 2518 qudd
455 2430 615 2520 propter
634 2410 866 2489 leviffimam
885 2407 1154 2488 dissensronem
1173 2405 1311 2483 viden·

163 2537 226 2599 tur
254 2523 485 2601 affinitatem
515 2526 712 2630 quandam
741 2550 835 2601 cum
865 2520 1130 2601 consentaneis
1168 2514 1313 2627 praese

162 2630 277 2710 ferre.
340 2638 582 2743 Qanquam
615 2654 748 2714 autem
780 2634 1020 2713 diversorum
1058 2631 1235 2710 doctrina
1265 2626 1313 2706 ab

161 2743 346 2823 omnibus
369 2765 507 2853 praeter
530 2750 689 2826 Remum
716 2746 876 2853 Logicis
902 2744 1038 2825 omiffa
1064 2742 1134 2837 est,
1164 2739 1314 2821 constat

163 2874 294 2935 tamen
307 2856 441 2937 locum
454 2859 494 2936 in
506 2876 830 2966 argumentorum
840 2857 1015 2937 doctrina
1025 2854 1181 2934 diverfis
1194 2853 1315 2932 etiam

162 2969 447 3076 aflignandum,
474 2967 569 3049 cum
593 2999 643 3051 ex
672 2969 860 3078 arguendi
888 2971 992 3049 varia
1016 2966 1225 3048 affectione
1252 2991 1310 3043 ar·

161 3101 350 3186 gumenta
367 3083 639 3188 distinguenda
655 3084 741 3176 smt,
756 3082 911 3162 affectio
927 3099 1060 3161 autem
1076 3076 1314 3157 dissensionis

161 3192 203 3268 in
221 3191 391 3287 diversrs,
414 3214 457 3273 ut
476 3196 665 3287 diximus,
687 3195 811 3274 levior
829 3194 888 3285 fit,
907 3193 947 3273 in
966 3191 1152 3302 oppositis
1171 3190 1312 3270 acrior.

165 3304 250 3381 Cur
269 3304 416 3384 diversa
437 3308 578 3412 Logici
606 3307 791 3387 haetenus
816 3305 1031 3399 omiserint,
1059 3303 1214 3382 videtur
1236 3298 1315 3380 hoc

162 3414 260 3507 effe3
282 3417 390 3524 quod
410 3418 457 3496 ad
479 3447 603 3498 unum
624 3418 894 3527 syllogismum
914 3417 1047 3496 omnia
1068 3412 1256 3506 referunt,
1272 3413 1314 3492 in

160 3554 241 3634 quo
261 3527 409 3608 diversa
429 3530 563 3609 locum
582 3560 660 3611 non
681 3529 841 3623 habent,
862 3549 907 3610 ut
926 3529 955 3608 l.
979 3555 1017 3609 2.
1039 3527 1278 3607 ostendetur.

218 3640 477 3721 Diversorum
506 3663 640 3722 autem
670 3663 770 3723 notae
798 3642 884 3722 sunt
913 3637 1222 3750 frequentissime
1243 3665 1315 3717 nen

161 3751 239 3844 doc,
246 3750 322 3855 ſsd
335 3752 441 3847 illud,
462 3784 686 3864 quanquam,
706 3772 855 3834 tamen:
877 3773 922 3833 ut
940 3782 1012 3863 pro
1032 3751 1224 3861 Pompeio,
1243 3778 1314 3829 non

161 3862 371 3957 tertiariam,
379 3865 454 3972 fid
468 3866 622 3973 instgnin
642 3866 813 3946 vibioriae
832 3883 1089 3975 reportarunt.
1136 3862 1315 3942 Victoria

163 3991 202 4050 et
221 3976 391 4055 victoria
410 3978 573 4085 insignia
594 4008 652 4058 res
676 3979 893 4058 admodum
922 3979 1055 4057 affines
1084 3976 1195 4069 sunt;
1228 3972 1316 4083 pos-

162 4079 326 4193 ssrntque
346 4115 390 4166 ac
410 4088 553 4169 debent
572 4091 702 4170 eidem
723 4091 814 4170 duci
833 4108 1084 4199 competere:
1106 4088 1153 4167 ad
1172 4087 1314 4195 Syllam

160 4213 294 4275 autem
314 4215 353 4275 et
372 4201 591 4281 Murenam
610 4203 636 4281 sr
657 4202 801 4311 spedas
821 4204 890 4311 qui
912 4230 990 4282 non
1015 4218 1209 4310 reportata
1229 4198 1314 4276 vic·

161 4310 258 4387 toria
272 4308 578 4418 triumpharunt,
591 4315 823 4395 dissentanea
838 4315 938 4409 sunt,
952 4334 990 4394 et
1003 4315 1313 4419 distinguuntur,

157 4418 359 4609 {lteqdque
388 4423 580 4506 affirmato
611 4428 777 4506 alterurn
809 4447 985 4534 negatur.
1047 4429 1109 4505 Sic
1133 4423 1248 4504 Ouid.
1272 4448 1312 4500 a.

184 4559 204 4608 e
267 4553 335 4611 rte.
