2956 4980
483 247 776 350 Prolufiones
802 255 1041 349 Oratoriae.
1255 292 1336 374 453

181 456 273 508 cern
302 429 543 535 ingerantur,
573 427 737 507 reddent
763 454 828 506 eos
854 427 1032 535 protinus
1056 428 1268 508 vivaciores
1295 449 1335 510 et

179 542 395 620 velociores
419 568 543 648 quam
576 540 603 618 fi
628 540 766 618 decem
786 539 891 618 vivas
918 540 1109 646 anguillas
1137 541 1177 618 in
1198 559 1332 620 ventre

180 650 386 733 haberent.
446 651 611 731 Anseres
627 651 743 730 etiam
765 650 989 758 complures
1009 651 1181 760 aspicite,
1197 672 1236 732 et
1256 653 1331 733 hu·

171 765 238 870 jus
258 766 351 844 anni
370 781 410 842 et
429 762 671 872 superiorum
692 781 849 869 argutos
863 762 989 856 valde,
1004 782 1043 842 et
1060 764 1162 843 ranis
1179 766 1329 844 Aristo·

178 873 357 984 phanicis
378 875 615 965 vocaliores3
636 902 735 983 quos
755 875 918 982 quidem
938 872 1053 953 facile
1068 875 1326 982 dignoscetis,

176 989 329 1066 mirum
349 989 457 1066 enim
476 987 532 1066 est
551 988 591 1065 ni
613 985 744 1092 sejam
764 985 1009 1095 prodiderint
1028 986 1229 1084 sibilando,
1250 992 1326 1072 sta-

177 1101 252 1178 tim
269 1098 422 1179 fortasse
438 1099 617 1178 audietis.
678 1100 766 1176 Ova
785 1097 941 1207 insuper
956 1098 1106 1205 aliquot
1121 1096 1326 1195 habemus,

176 1209 241 1291 sed
258 1241 303 1291 ea
321 1211 431 1291 κακοῦ
449 1207 615 1316 vsperum
639 1211 671 1288 F
674 1237 819 1317 rugum
834 1238 927 1288 vero
948 1208 1047 1290 nihil
1067 1232 1327 1322 praeterquam

177 1325 282 1403 mala
310 1343 350 1403 et
379 1322 555 1431 mespila,
581 1350 704 1429 eaque
735 1319 917 1401 infoelicis
944 1323 1105 1415 arboris,
1137 1353 1209 1404 nec
1239 1327 1326 1408 satis

174 1455 344 1531 matura,
365 1434 559 1543 praestabit
578 1435 709 1542 itaque
730 1434 875 1512 iterum
903 1434 950 1513 ad
977 1434 1108 1513 Solem
1128 1435 1320 1546 suspendi.

175 1547 331 1627 Videtis
359 1566 564 1656 apparatus
590 1545 753 1638 nostros,
773 1546 904 1653 quaeso·
919 1573 1002 1640 vos,
1024 1546 1166 1654 quibus
1192 1553 1323 1658 palato

173 1659 277 1751 sunt,
298 1657 623 1739 commeffamini.
683 1659 836 1736 Verum
856 1656 1028 1736 hariolor
1047 1660 1218 1741 didluros
1238 1692 1320 1758 vos,

172 1773 309 1881 epulas
329 1767 456 1864 hasce,
474 1771 597 1850 veluti
618 1773 816 1849 nodiurnae
841 1770 916 1848 illae
941 1770 1060 1877 dapes
1079 1798 1165 1877 quae
1184 1770 1206 1851 ὲ
1227 1776 1320 1855 Dae·

173 1912 293 1964 mone
313 1883 496 1962 veneficis
522 1901 770 1992 apparantur,
791 1880 901 1959 nullo
923 1881 1076 1961 condiri
1099 1882 1188 1977 sale,
1209 1914 1320 1967 vere·

171 2025 297 2107 orque
318 2023 367 2074 ue
388 1994 589 2075 discedatis
602 1992 814 2098 jejuniores
833 1995 1135 2101 quamvenistis.
1167 1997 1321 2080 Verum

170 2111 220 2189 ad
247 2136 292 2187 ea
316 2133 440 2217 pergo
468 2134 553 2215 quae
576 2107 624 2185 ad
649 2133 713 2183 me
739 2106 900 2215 propius
923 2107 1104 2186 attinent.
1163 2109 1325 2192 Romani

168 2219 234 2300 sua
254 2217 425 2298 habuere
441 2217 623 2310 Floralia,
642 2216 795 2296 Rustici
816 2216 880 2294 sua
897 2218 1049 2311 Parilia,
1067 2218 1233 2300 Pistores
1253 2223 1318 2304 sua

171 2331 414 2424 Fornacalia,
435 2358 504 2410 nos
521 2356 679 2438 quoque
699 2326 944 2436 potiffimum
964 2326 1040 2408 hoc
1061 2348 1238 2438 tempore
1258 2362 1321 2413 re·

170 2472 261 2523 rum
282 2462 322 2522 et
341 2443 593 2549 negotiorum
613 2441 742 2531 vacui,
764 2439 952 2519 Socratico
973 2468 1082 2519 more
1101 2441 1235 2521 ludere
1255 2445 1317 2526 so-

168 2555 311 2635 lemus.
372 2555 511 2661 Itaque
537 2551 705 2662 hospitia
732 2551 1016 2657 Leguleiurum
1043 2551 1128 2632 suos
1156 2552 1316 2652 habent,

167 2694 267 2777 quos
287 2685 428 2746 vocant
447 2666 658 2756 Dominus,
680 2663 743 2741 vel
762 2662 856 2741 hinc
874 2663 1087 2743 indicantes
1102 2693 1224 2773 quam
1246 2670 1319 2750 srnt

167 2777 329 2858 honoris
349 2777 557 2856 ambitiosi.
618 2776 706 2854 Nos
733 2794 881 2868 autem,
903 2775 1148 2870 Academici,
1170 2780 1217 2857 ad
1246 2810 1317 2888 pa-

166 2891 392 2970 ternitatem
412 2889 717 2998 quamproxime
737 2886 920 2966 accedere
939 2888 1141 2995 cupientes
1163 2890 1201 2968 id
1222 2891 1315 2971 sisto

166 3003 328 3082 nomine
348 3000 532 3108 usurpare
551 2999 753 3107 gestimus,
773 2997 880 3106 quod
900 3025 993 3077 vero
1019 3026 1097 3077 uon
1125 3002 1314 3084 audemus

164 3113 302 3194 saltem
334 3113 484 3192 nonnisr
513 3112 554 3189 in
585 3109 765 3204 occulto;
806 3110 1143 3218 quemadmodum
1174 3116 1314 3222 puellae

165 3228 321 3335 nuptias
337 3223 494 3305 lusorias
506 3242 546 3302 et
559 3223 762 3332 puerperia
777 3221 981 3301 solenniter
995 3221 1165 3330 fingunt,
1178 3253 1312 3308 earum

162 3366 297 3418 rerum
317 3365 413 3445 quas
432 3334 616 3415 anhelant
633 3335 863 3443 etcupiunt,
880 3333 1037 3412 umbras
1057 3355 1255 3443 captantes
1276 3360 1316 3420 et

162 3451 458 3558 ampledlentes.
520 3446 721 3557 Qorsum
743 3464 874 3525 autem
896 3473 956 3539 eo,
978 3446 1046 3552 qui
1066 3449 1249 3555 proxime
1275 3452 1312 3534 se

161 3560 411 3669 circumegit,
442 3585 544 3638 anno
579 3557 791 3637 intermissa
826 3556 946 3636 fuerit
974 3555 1056 3637 haec
1090 3557 1310 3658 solennitas,

160 3701 238 3781 ego
254 3673 342 3753 sane
362 3669 467 3750 haud
486 3670 638 3778 possum
658 3671 856 3761 divinare3
889 3670 958 3748 nisr
978 3670 1085 3777 quod
1107 3672 1135 3749 ii
1155 3676 1225 3780 qui
1241 3704 1311 3782 pa-

162 3805 240 3865 tres
259 3783 385 3864 futuri
404 3800 527 3874 erant,
545 3783 641 3862 adeo
662 3781 814 3861 strenue
835 3780 871 3860 se
890 3780 1073 3888 gesserint
1087 3783 1127 3860 in
1145 3786 1308 3892 oppido,

160 3916 207 3978 ut
227 3898 259 3978 is
278 3898 344 3976 cui
365 3897 404 3975 id
426 3894 574 4001 negotii
594 3894 769 3986 dabatur,
785 3911 984 3971 tantorum
1004 3892 1182 3974 misertus
1205 3896 1310 3977 labo·

159 4035 251 4088 rum
270 4009 374 4087 ultro
395 4005 547 4113 jusserit
565 4033 631 4084 eos
658 4005 705 4085 ab
726 4002 800 4084 hac
819 4029 912 4083 cura
936 4003 1077 4083 otiosos
1104 4004 1192 4085 eise.
1251 4011 1309 4090 At

157 4149 254 4200 vero
276 4119 379 4200 unde
399 4118 455 4197 est
473 4117 580 4227 quod
596 4145 670 4224 ego
687 4136 767 4196 tam
784 4114 910 4215 subito
925 4113 1048 4195 fastus
1063 4115 1148 4195 sum
1163 4120 1308 4200 Pater?

158 4233 234 4311 Dii
253 4232 420 4311 vestram
439 4228 582 4308 fidem!
634 4229 745 4340 Qid
766 4225 842 4307 hoc
861 4226 917 4305 est
936 4227 1108 4336 prodigii
1129 4231 1310 4313 Pltirr'ana

156 4343 409 4456 exuperantis
428 4339 630 4454 portenta!
660 4368 852 4422 numnam
881 4367 956 4447 ego
983 4340 1160 4449 perculso
1179 4369 1308 4453 angue
