2956 4980
165 269 245 351 370
480 222 694 359 Epistolae
723 223 1009 322 Familiares

154 434 254 485 nere
275 406 425 497 locum,
446 432 516 511 qur
505 404 651 514 poffit
669 402 863 485 crebras
848 434 871 484 a
897 432 964 485 me
983 399 1182 529 Epistolas
1209 391 1313 476 effla-

162 520 301 624 gitare
359 514 486 625 Qrod
513 538 647 597 autem
671 515 749 597 hoc
775 514 984 627 plusquam
1016 512 1190 596 triennio
1215 534 1313 587 nun-

163 658 285 737 quam
305 629 352 708 ad
375 649 411 708 te
431 628 663 738 scripserim,
683 630 810 737 quaeso
829 648 875 709 ut
900 658 949 710 ne
975 629 1018 707 in
1041 653 1104 737 pe]
1087 625 1154 733 jus
1174 617 1313 710 trabas,

165 743 229 821 sed
250 764 321 850 pro
342 739 507 820 mirifica
527 742 596 821 ista
617 761 684 820 tua
703 739 888 821 facilitate
907 761 948 821 et
971 734 1189 830 candore,
1178 760 1221 813 ιιι
1241 733 1313 810 mi-

166 859 309 934 tiorem
341 873 494 961 partem
530 854 775 962 interpretari
804 853 992 961 digneris.
1051 854 1182 933 Deum
1210 845 1314 924 enim

166 966 282 1045 testor
308 993 428 1071 quarn
456 984 493 1043 te
522 964 637 1044 instar
664 965 789 1044 Patris
815 967 961 1058 colam,
981 990 1103 1071 quam
1131 955 1312 1066 fingulari

163 1080 283 1156 etiam
303 1076 544 1156 observantia
567 1098 604 1156 te
632 1076 785 1187 semper
813 1077 1037 1187 prosecutus
1064 1076 1152 1167 fim,
1172 1096 1313 1179 quam·

163 1216 241 1296 que
253 1206 396 1267 ventus
408 1185 552 1267 chartis
564 1217 663 1268 mers
677 1189 749 1268 trbr
761 1189 994 1299 obstrepere
1045 1189 1159 1266 Curo
1173 1209 1313 1290 nempe

163 1327 256 1379 cum
290 1301 443 1409 primis,
475 1328 569 1378 cum
589 1300 773 1380 Tabellas
800 1329 907 1382 meas
934 1298 1035 1379 nihil
1066 1297 1176 1378 aliud
1203 1321 1313 1374 com·

164 1413 338 1504 mendet,
371 1432 414 1491 ut
445 1413 698 1492 commendet
727 1414 875 1492 raritas
935 1411 1107 1504 Deinde,
1142 1436 1241 1488 cum
1267 1433 1313 1484 ex

164 1522 519 1617 vehementiffimO,
540 1552 621 1632 quo
650 1525 708 1603 tui
734 1524 884 1605 afficior
908 1525 1112 1615 defiderio,
1133 1518 1261 1600 adesse
1280 1537 1314 1596 te

164 1635 316 1764 semper
335 1637 524 1742 cogitem,
547 1656 663 1745 teque
684 1654 873 1743 tanquam
892 1636 1118 1746 praesentem
1139 1633 1314 1739 alloquar

164 1766 203 1827 et
229 1749 396 1840 intuear,
416 1748 621 1856 dolorique
649 1777 738 1828 meo
761 1748 922 1856 (quod
912 1777 953 1828 ιιι
981 1774 1114 1827 amore
1144 1744 1228 1823 fere
1257 1740 1313 1847 fit)

164 1886 261 1936 vana
241 1859 443 1966 quadam
458 1860 663 1966 praesentiae
678 1881 751 1938 tuae
766 1861 1045 1968 imaginatione
1061 1855 1312 1946 adblandiar;

163 1997 299 2048 vereor
319 1968 510 2079 profesto,
531 1971 691 2051 simulac
712 1973 840 2052 literas
860 1974 907 2051 ad
936 1993 974 2053 te
998 1968 1212 2063 mittendas
1233 1994 1315 2046 me-

162 2081 319 2174 ditarer,
352 2109 400 2159 ne
428 2082 469 2158 in
500 2102 677 2162 mentem
710 2081 815 2163 mihi
844 2083 972 2164 subito
1002 2083 1168 2175 veniret,
1193 2106 1313 2188 quarn

163 2188 415 2301 longinquo
400 2221 422 2271 a
441 2221 506 2271 me
518 2194 634 2274 distes
647 2214 840 2275 terrarum
859 2195 1090 2287 intervallo;
1122 2211 1244 2301 atque
1265 2192 1316 2269 ita

162 2303 445 2385 recrudesceret
464 2305 576 2385 dolor
595 2306 774 2388 absentiae
794 2327 868 2387 tuae
883 2307 968 2413 jam
989 2333 1111 2416 prope
1130 2304 1314 2411 consopi-

163 2436 239 2511 tus,
261 2413 539 2526 somnir'rmque
564 2419 677 2498 dulce
699 2418 920 2504 discuteret.
981 2418 1110 2500 Biblia
1128 2415 1313 2506 Hebraea,

162 2549 390 2636 pergratum
423 2529 509 2607 sane
540 2560 684 2609 munus
723 2550 852 2624 tuum,
880 2530 1123 2639 jampridem
1162 2528 1311 2636 accepi.

164 2643 262 2719 Haec
293 2641 421 2747 scripfi
452 2640 660 2721 Londini
649 2663 750 2721 inter
779 2643 926 2722 urbana
953 2641 1201 2733 diverticula,
1239 2666 1313 2718 non

162 2753 307 2846 Libris,
323 2772 367 2830 ut
386 2752 504 2846 solen,
518 2755 824 2863 circumseptus:
857 2755 899 2833 Si
918 2756 1015 2862 quid
1034 2755 1158 2861 igitur
1179 2753 1220 2831 in
1242 2750 1312 2829 hac

162 2865 338 2973 Epistola
358 2866 488 2943 minus
508 2865 688 2960 arriserit,
705 2886 892 2974 tuamque
907 2865 1154 2946 frustrabitur
1167 2891 1313 2973 expec-

163 2979 366 3070 tationem,
394 2975 617 3085 pensabitur
647 2979 722 3058 alit
748 2980 875 3087 magis
903 2978 1111 3071 elaborata,
1138 2977 1209 3056 ubi
1231 2976 1312 3084 pri·

162 3117 276 3168 mum
296 3090 343 3168 ad
365 3087 574 3167 Musarum
594 3090 714 3198 spatia
734 3090 899 3169 rediero.

219 3198 398 3292 Londino,
421 3201 560 3280 Martii
584 3203 651 3295 26,
679 3204 753 3282 162
760 3229 798 3310 5.

520 3585 809 3666 zAlexandro
829 3586 953 3666 Gillio.

165 3754 404 3960 ACcepi
426 3755 555 3835 literas
583 3775 680 3851 tuas,
699 3776 738 3837 et
757 3787 843 3867 quae
863 3787 929 3838 me
950 3758 1116 3839 mirifice
1135 3761 1313 3840 oblecta·

300 3896 388 3948 vere
418 3869 591 3947 carmina
607 3869 691 3949 sane
710 3872 888 3978 grandia,
901 3890 940 3951 et
956 3869 1041 3976 Maj
1045 3871 1209 3952 estatem
1225 3901 1313 3952 vere

162 3983 380 4074 Poeticam,
418 3981 560 4088 Virgil
542 4010 735 4092 tonumque
769 3983 966 4090 ubique
955 3984 1163 4090 ingenium
1199 3985 1314 4064 redo-

160 4094 294 4172 lentia
355 4093 533 4172 Sciebam
561 4096 747 4200 equidem
773 4124 895 4203 quam
923 4094 995 4174 tibi
1021 4091 1169 4202 tudque
1195 4098 1315 4203 genio

162 4203 397 4313 impoffibile
429 4202 607 4284 futurum
631 4204 776 4300 effet,
761 4235 783 4284 a
810 4205 924 4285 rebus
949 4207 1119 4287 Poeticis
1151 4234 1315 4288 avocare

162 4320 356 4408 animum,
370 4333 409 4394 et
423 4313 570 4395 furores
584 4317 671 4397 illos
686 4318 839 4396 coelitus
852 4318 1068 4412 instinctos,
1081 4316 1315 4428 sacrumque

160 4449 199 4508 et
218 4426 461 4508 aethereum
451 4455 585 4533 ignem
614 4430 757 4508 intimo
784 4432 938 4538 pestore
965 4430 1111 4523 eluere,
1132 4458 1228 4511 cum
1248 4451 1315 4511 tua
