<?xml version="1.0" encoding="UTF-8"?>
<!DOCTYPE html PUBLIC "-//W3C//DTD XHTML 1.0 Transitional//EN"
    "http://www.w3.org/TR/xhtml1/DTD/xhtml1-transitional.dtd">
<html xmlns="http://www.w3.org/1999/xhtml" xml:lang="en" lang="en">
 <head>
  <title>
</title>
<meta http-equiv="Content-Type" content="text/html;charset=utf-8" />
  <meta name='ocr-system' content='tesseract 3.04.00' />
  <meta name='ocr-capabilities' content='ocr_page ocr_carea ocr_par ocr_line ocrx_word'/>
</head>
<body>
  <div class='ocr_page' id='page_1' title='image "./worksjohnmilton06miltgoog_0391.png"; bbox 0 0 2956 4980; ppageno 0'>
   <div class='ocr_carea' id='block_1_1' title="bbox 161 188 992 328">
    <p class='ocr_par' dir='ltr' id='par_1_1' title="bbox 161 188 992 328">
     <span class='ocr_line' id='line_1_1' title="bbox 161 188 992 328; baseline -0.006 -36"><span class='ocrx_word' id='word_1_1' title='bbox 161 215 240 319; x_wconf 84' lang='lat'>376</span> <span class='ocrx_word' id='word_1_2' title='bbox 467 191 683 328; x_wconf 76' lang='lat' dir='ltr'>Epistola</span> <span class='ocrx_word' id='word_1_3' title='bbox 712 188 992 289; x_wconf 83' lang='lat' dir='ltr'><strong>Familiares.</strong></span> 
     </span>
    </p>
   </div>
   <div class='ocr_carea' id='block_1_2' title="bbox 158 365 1327 1040">
    <p class='ocr_par' dir='ltr' id='par_1_2' title="bbox 158 365 1327 1040">
     <span class='ocr_line' id='line_1_2' title="bbox 158 365 1309 480; baseline -0.01 -28"><span class='ocrx_word' id='word_1_4' title='bbox 158 371 239 453; x_wconf 83' lang='lat' dir='ltr'>dini</span> <span class='ocrx_word' id='word_1_5' title='bbox 254 370 451 480; x_wconf 89' lang='lat' dir='ltr'>perlatum</span> <span class='ocrx_word' id='word_1_6' title='bbox 471 368 563 450; x_wconf 84' lang='lat' dir='ltr'>effer</span> <span class='ocrx_word' id='word_1_7' title='bbox 582 368 604 448; x_wconf 79' lang='lat' dir='ltr'>a</span> <span class='ocrx_word' id='word_1_8' title='bbox 623 369 849 476; x_wconf 91' lang='lat' dir='ltr'>nescioquo</span> <span class='ocrx_word' id='word_1_9' title='bbox 867 386 905 447; x_wconf 89' lang='lat' dir='ltr'>te</span> <span class='ocrx_word' id='word_1_10' title='bbox 924 368 966 446; x_wconf 91' lang='lat' dir='ltr'>in</span> <span class='ocrx_word' id='word_1_11' title='bbox 987 365 1085 446; x_wconf 89' lang='lat' dir='ltr'>urbe</span> <span class='ocrx_word' id='word_1_12' title='bbox 1104 365 1197 459; x_wconf 85' lang='lat' dir='ltr'>effe,</span> <span class='ocrx_word' id='word_1_13' title='bbox 1216 390 1309 444; x_wconf 92' lang='lat' dir='ltr'>con-</span> 
     </span>
     <span class='ocr_line' id='line_1_3' title="bbox 159 478 1309 590; baseline -0.007 -28"><span class='ocrx_word' id='word_1_14' title='bbox 159 482 290 563; x_wconf 92' lang='lat' dir='ltr'>festim</span> <span class='ocrx_word' id='word_1_15' title='bbox 307 501 347 562; x_wconf 86' lang='lat' dir='ltr'>et</span> <span class='ocrx_word' id='word_1_16' title='bbox 366 484 473 589; x_wconf 87' lang='lat' dir='ltr'>quafi</span> <span class='ocrx_word' id='word_1_17' title='bbox 492 483 651 576; x_wconf 75' lang='grc' dir='ltr'>αὑτοβοει</span> <span class='ocrx_word' id='word_1_18' title='bbox 672 480 852 590; x_wconf 89' lang='lat' dir='ltr'>proripui</span> <span class='ocrx_word' id='word_1_19' title='bbox 871 508 937 559; x_wconf 89' lang='lat' dir='ltr'>me</span> <span class='ocrx_word' id='word_1_20' title='bbox 946 479 1006 577; x_wconf 67' lang='lat' dir='ltr'>⁸ad</span> <span class='ocrx_word' id='word_1_21' title='bbox 1024 478 1170 558; x_wconf 89' lang='lat' dir='ltr'>cellam</span> <span class='ocrx_word' id='word_1_22' title='bbox 1189 496 1309 568; x_wconf 91' lang='lat' dir='ltr'>tuam,</span> 
     </span>
     <span class='ocr_line' id='line_1_4' title="bbox 160 590 1310 701; baseline -0.01 -25"><span class='ocrx_word' id='word_1_23' title='bbox 160 613 201 676; x_wconf 89' lang='lat' dir='ltr'>at</span> <span class='ocrx_word' id='word_1_24' title='bbox 219 595 318 674; x_wconf 93' lang='lat' dir='ltr'>illud</span> <span class='ocrx_word' id='word_1_25' title='bbox 336 595 442 687; x_wconf 75' lang='grc' dir='ltr'><em>σκίας</em></span> <span class='ocrx_word' id='word_1_26' title='bbox 457 591 549 700; x_wconf 71' lang='grc' dir='ltr'><strong>ὄναρ,</strong></span> <span class='ocrx_word' id='word_1_27' title='bbox 570 594 761 701; x_wconf 87' lang='lat' dir='ltr'>nusquam</span> <span class='ocrx_word' id='word_1_28' title='bbox 779 593 888 672; x_wconf 91' lang='lat' dir='ltr'>enim</span> <span class='ocrx_word' id='word_1_29' title='bbox 906 618 1124 701; x_wconf 88' lang='lat' dir='ltr'>compares.</span> <span class='ocrx_word' id='word_1_30' title='bbox 1179 590 1310 699; x_wconf 82' lang='lat' dir='ltr'>Qare</span> 
     </span>
     <span class='ocr_line' id='line_1_5' title="bbox 161 701 1311 815; baseline -0.008 -29"><span class='ocrx_word' id='word_1_31' title='bbox 161 707 269 815; x_wconf 93' lang='lat' dir='ltr'>quod</span> <span class='ocrx_word' id='word_1_32' title='bbox 286 707 364 785; x_wconf 88' lang='lat' dir='ltr'>fine</span> <span class='ocrx_word' id='word_1_33' title='bbox 385 727 453 787; x_wconf 93' lang='lat' dir='ltr'>tuo</span> <span class='ocrx_word' id='word_1_34' title='bbox 468 707 725 785; x_wconf 89' lang='lat' dir='ltr'>incommodo</span> <span class='ocrx_word' id='word_1_35' title='bbox 740 703 822 798; x_wconf 91' lang='lat' dir='ltr'>fiat,</span> <span class='ocrx_word' id='word_1_36' title='bbox 837 704 974 784; x_wconf 91' lang='lat' dir='ltr'>advola</span> <span class='ocrx_word' id='word_1_37' title='bbox 989 731 1109 811; x_wconf 90' lang='lat' dir='ltr'><strong>ocyus</strong></span> <span class='ocrx_word' id='word_1_38' title='bbox 1125 720 1168 781; x_wconf 88' lang='lat' dir='ltr'>et</span> <span class='ocrx_word' id='word_1_39' title='bbox 1182 701 1311 806; x_wconf 88' lang='lat' dir='ltr'>aliquo</span> 
     </span>
     <span class='ocr_line' id='line_1_6' title="bbox 162 814 1311 926; baseline -0.007 -29"><span class='ocrx_word' id='word_1_40' title='bbox 162 823 203 897; x_wconf 92' lang='lat' dir='ltr'>in</span> <span class='ocrx_word' id='word_1_41' title='bbox 230 820 319 898; x_wconf 90' lang='lat' dir='ltr'>loco</span> <span class='ocrx_word' id='word_1_42' title='bbox 344 841 382 898; x_wconf 93' lang='lat' dir='ltr'>te</span> <span class='ocrx_word' id='word_1_43' title='bbox 410 819 508 913; x_wconf 74' lang='lat' dir='ltr'>siste,</span> <span class='ocrx_word' id='word_1_44' title='bbox 534 816 605 926; x_wconf 91' lang='lat' dir='ltr'>qui</span> <span class='ocrx_word' id='word_1_45' title='bbox 631 819 739 897; x_wconf 90' lang='lat' dir='ltr'>locus</span> <span class='ocrx_word' id='word_1_46' title='bbox 765 817 967 896; x_wconf 87' lang='lat' dir='ltr'>mitiorem</span> <span class='ocrx_word' id='word_1_47' title='bbox 996 814 1104 925; x_wconf 92' lang='lat' dir='ltr'>spem</span> <span class='ocrx_word' id='word_1_48' title='bbox 1131 815 1311 922; x_wconf 86' lang='lat' dir='ltr'>praebeat,</span> 
     </span>
     <span class='ocr_line' id='line_1_7' title="bbox 162 921 1327 1040; baseline -0.007 -30"><span class='ocrx_word' id='word_1_49' title='bbox 162 931 266 1040; x_wconf 78' lang='lat' dir='ltr'>posse</span> <span class='ocrx_word' id='word_1_50' title='bbox 286 958 447 1038; x_wconf 91' lang='lat' dir='ltr'>quoquo</span> <span class='ocrx_word' id='word_1_51' title='bbox 467 932 587 1009; x_wconf 90' lang='lat' dir='ltr'>modo</span> <span class='ocrx_word' id='word_1_52' title='bbox 611 930 696 1009; x_wconf 88' lang='lat' dir='ltr'>fieri</span> <span class='ocrx_word' id='word_1_53' title='bbox 723 947 768 1007; x_wconf 93' lang='lat' dir='ltr'>ut</span> <span class='ocrx_word' id='word_1_54' title='bbox 791 929 998 1036; x_wconf 87' lang='lat' dir='ltr'>aliquoties</span> <span class='ocrx_word' id='word_1_55' title='bbox 1023 929 1125 1006; x_wconf 91' lang='lat' dir='ltr'>inter</span> <span class='ocrx_word' id='word_1_56' title='bbox 1153 953 1225 1004; x_wconf 92' lang='lat' dir='ltr'>nos</span> <span class='ocrx_word' id='word_1_57' title='bbox 1245 921 1327 1032; x_wconf 14' lang='lat' dir='ltr'>sal-4</span> 
     </span>
    </p>
   </div>
   <div class='ocr_carea' id='block_1_3' title="bbox 112 1035 1314 1710">
    <p class='ocr_par' dir='ltr' id='par_1_3' title="bbox 112 1035 1314 1710">
     <span class='ocr_line' id='line_1_8' title="bbox 164 1035 1312 1148; baseline -0.008 -27"><span class='ocrx_word' id='word_1_58' title='bbox 164 1064 245 1121; x_wconf 92' lang='lat' dir='ltr'>tem</span> <span class='ocrx_word' id='word_1_59' title='bbox 266 1042 447 1135; x_wconf 88' lang='lat' dir='ltr'>visamus,</span> <span class='ocrx_word' id='word_1_60' title='bbox 473 1044 580 1148; x_wconf 93' lang='lat' dir='ltr'>quod</span> <span class='ocrx_word' id='word_1_61' title='bbox 604 1044 756 1121; x_wconf 90' lang='lat' dir='ltr'>utinam</span> <span class='ocrx_word' id='word_1_62' title='bbox 781 1039 892 1120; x_wconf 91' lang='lat' dir='ltr'>nobis</span> <span class='ocrx_word' id='word_1_63' title='bbox 911 1067 989 1118; x_wconf 95' lang='lat' dir='ltr'>non</span> <span class='ocrx_word' id='word_1_64' title='bbox 1010 1039 1123 1119; x_wconf 91' lang='lat' dir='ltr'>aliter</span> <span class='ocrx_word' id='word_1_65' title='bbox 1142 1035 1238 1117; x_wconf 73' lang='lat' dir='ltr'>esses</span> <span class='ocrx_word' id='word_1_66' title='bbox 1255 1037 1312 1113; x_wconf 89' lang='lat' dir='ltr'>vi·</span> 
     </span>
     <span class='ocr_line' id='line_1_9' title="bbox 163 1145 1311 1261; baseline -0.005 -28"><span class='ocrx_word' id='word_1_67' title='bbox 163 1156 290 1246; x_wconf 79' lang='lat' dir='ltr'>cinuS,</span> <span class='ocrx_word' id='word_1_68' title='bbox 318 1154 530 1233; x_wconf 90' lang='lat' dir='ltr'>rusticanus</span> <span class='ocrx_word' id='word_1_69' title='bbox 554 1175 670 1261; x_wconf 91' lang='lat' dir='ltr'>atque</span> <span class='ocrx_word' id='word_1_70' title='bbox 698 1181 737 1233; x_wconf 89' lang='lat' dir='ltr'>es</span> <span class='ocrx_word' id='word_1_71' title='bbox 761 1153 933 1246; x_wconf 88' lang='lat' dir='ltr'>urbicus,</span> <span class='ocrx_word' id='word_1_72' title='bbox 957 1147 1060 1231; x_wconf 68' lang='lat' dir='ltr'>cinno?</span> <span class='ocrx_word' id='word_1_73' title='bbox 1076 1149 1181 1230; x_wconf 78' lang='grc' dir='ltr'><strong>τοῦτο</strong></span> <span class='ocrx_word' id='word_1_74' title='bbox 1199 1145 1311 1250; x_wconf 65' lang='grc' dir='ltr'><em>ὅσπερ</em></span> 
     </span>
     <span class='ocr_line' id='line_1_10' title="bbox 165 1259 1313 1363; baseline -0.007 -18"><span class='ocrx_word' id='word_1_75' title='bbox 165 1265 239 1345; x_wconf 72' lang='lat' dir='ltr'>Oroi</span> <span class='ocrx_word' id='word_1_76' title='bbox 257 1265 369 1363; x_wconf 81' lang='grc' dir='ltr'><strong><em>φίλον.</em></strong></span> <span class='ocrx_word' id='word_1_77' title='bbox 430 1266 719 1345; x_wconf 77' lang='lat' dir='ltr'>Pluravellem</span> <span class='ocrx_word' id='word_1_78' title='bbox 750 1282 789 1342; x_wconf 89' lang='lat' dir='ltr'>et</span> <span class='ocrx_word' id='word_1_79' title='bbox 815 1265 864 1344; x_wconf 89' lang='lat' dir='ltr'>de</span> <span class='ocrx_word' id='word_1_80' title='bbox 886 1262 1014 1356; x_wconf 89' lang='lat' dir='ltr'>nobis,</span> <span class='ocrx_word' id='word_1_81' title='bbox 1040 1281 1081 1341; x_wconf 89' lang='lat' dir='ltr'>et</span> <span class='ocrx_word' id='word_1_82' title='bbox 1102 1262 1153 1340; x_wconf 88' lang='lat' dir='ltr'>de</span> <span class='ocrx_word' id='word_1_83' title='bbox 1182 1259 1313 1339; x_wconf 86' lang='lat' dir='ltr'>studiis</span> 
     </span>
     <span class='ocr_line' id='line_1_11' title="bbox 165 1372 1314 1481; baseline -0.007 -24"><span class='ocrx_word' id='word_1_84' title='bbox 165 1377 318 1472; x_wconf 91' lang='lat' dir='ltr'>nostris,</span> <span class='ocrx_word' id='word_1_85' title='bbox 350 1378 413 1457; x_wconf 92' lang='lat' dir='ltr'>sed</span> <span class='ocrx_word' id='word_1_86' title='bbox 438 1378 600 1457; x_wconf 90' lang='lat' dir='ltr'>mallem</span> <span class='ocrx_word' id='word_1_87' title='bbox 623 1405 782 1471; x_wconf 89' lang='lat' dir='ltr'>coram;</span> <span class='ocrx_word' id='word_1_88' title='bbox 810 1376 955 1481; x_wconf 89' lang='lat' dir='ltr'>etjam</span> <span class='ocrx_word' id='word_1_89' title='bbox 985 1401 1068 1454; x_wconf 91' lang='lat' dir='ltr'>cras</span> <span class='ocrx_word' id='word_1_90' title='bbox 1092 1372 1227 1453; x_wconf 88' lang='lat' dir='ltr'>sumus</span> <span class='ocrx_word' id='word_1_91' title='bbox 1255 1399 1314 1449; x_wconf 90' lang='lat' dir='ltr'>rus</span> 
     </span>
     <span class='ocr_line' id='line_1_12' title="bbox 112 1484 1313 1596; baseline -0.007 -27"><span class='ocrx_word' id='word_1_92' title='bbox 112 1495 114 1500; x_wconf 79' lang='grc'><strong>’</strong></span> <span class='ocrx_word' id='word_1_93' title='bbox 163 1489 263 1569; x_wconf 94' lang='lat' dir='ltr'>illud</span> <span class='ocrx_word' id='word_1_94' title='bbox 278 1491 452 1569; x_wconf 89' lang='lat' dir='ltr'>nostrum</span> <span class='ocrx_word' id='word_1_95' title='bbox 469 1490 645 1582; x_wconf 90' lang='lat' dir='ltr'>redituri,</span> <span class='ocrx_word' id='word_1_96' title='bbox 663 1506 855 1596; x_wconf 84' lang='lat' dir='ltr'>urgetque</span> <span class='ocrx_word' id='word_1_97' title='bbox 876 1489 963 1580; x_wconf 89' lang='lat' dir='ltr'>iter,</span> <span class='ocrx_word' id='word_1_98' title='bbox 981 1506 1025 1567; x_wconf 89' lang='lat' dir='ltr'>ut</span> <span class='ocrx_word' id='word_1_99' title='bbox 1038 1488 1106 1565; x_wconf 86' lang='lat' dir='ltr'>vix</span> <span class='ocrx_word' id='word_1_100' title='bbox 1123 1484 1208 1564; x_wconf 84' lang='lat' dir='ltr'>haec</span> <span class='ocrx_word' id='word_1_101' title='bbox 1225 1512 1313 1593; x_wconf 93' lang='lat' dir='ltr'>pro-</span> 
     </span>
     <span class='ocr_line' id='line_1_13' title="bbox 166 1600 956 1710; baseline 0 -31"><span class='ocrx_word' id='word_1_102' title='bbox 166 1629 257 1710; x_wconf 85' lang='lat' dir='ltr'>pere</span> <span class='ocrx_word' id='word_1_103' title='bbox 279 1602 319 1680; x_wconf 95' lang='lat' dir='ltr'>in</span> <span class='ocrx_word' id='word_1_104' title='bbox 339 1601 514 1681; x_wconf 90' lang='lat' dir='ltr'>chartam</span> <span class='ocrx_word' id='word_1_105' title='bbox 535 1602 783 1707; x_wconf 90' lang='lat' dir='ltr'>conjecerim.</span> <span class='ocrx_word' id='word_1_106' title='bbox 843 1600 956 1679; x_wconf 90' lang='lat' dir='ltr'>Vale.</span> 
     </span>
    </p>
   </div>
   <div class='ocr_carea' id='block_1_4' title="bbox 250 1713 862 1822">
    <p class='ocr_par' dir='ltr' id='par_1_4' title="bbox 250 1713 862 1822">
     <span class='ocr_line' id='line_1_14' title="bbox 250 1713 862 1822; baseline -0.005 -30"><span class='ocrx_word' id='word_1_107' title='bbox 250 1713 430 1809; x_wconf 86' lang='lat' dir='ltr'>Londino,</span> <span class='ocrx_word' id='word_1_108' title='bbox 449 1714 651 1822; x_wconf 90' lang='lat' dir='ltr'>Septemb.</span> <span class='ocrx_word' id='word_1_109' title='bbox 677 1739 713 1790; x_wconf 87' lang='lat'>2.</span> <span class='ocrx_word' id='word_1_110' title='bbox 745 1714 862 1819; x_wconf 81' lang='lat'>1637.</span> 
     </span>
    </p>
   </div>
   <div class='ocr_carea' id='block_1_5' title="bbox 635 2109 848 2218">
    <p class='ocr_par' dir='ltr' id='par_1_5' title="bbox 635 2109 848 2218">
     <span class='ocr_line' id='line_1_15' title="bbox 635 2109 848 2218; baseline -0.014 -28"><span class='ocrx_word' id='word_1_111' title='bbox 635 2136 674 2218; x_wconf 89' lang='lat'>7.</span> <span class='ocrx_word' id='word_1_112' title='bbox 709 2109 848 2191; x_wconf 81' lang='lat' dir='ltr'>Eidem.</span> 
     </span>
    </p>
   </div>
   <div class='ocr_carea' id='block_1_6' title="bbox 167 2272 1321 4511">
    <p class='ocr_par' dir='ltr' id='par_1_6' title="bbox 167 2272 1321 4511">
     <span class='ocr_line' id='line_1_16' title="bbox 271 2272 1320 2382; baseline -0.001 -31"><span class='ocrx_word' id='word_1_113' title='bbox 271 2273 364 2352; x_wconf 92' lang='lat' dir='ltr'>Uod</span> <span class='ocrx_word' id='word_1_114' title='bbox 403 2276 530 2353; x_wconf 81' lang='lat' dir='ltr'>caeteri</span> <span class='ocrx_word' id='word_1_115' title='bbox 567 2275 605 2352; x_wconf 90' lang='lat' dir='ltr'>in</span> <span class='ocrx_word' id='word_1_116' title='bbox 638 2277 780 2355; x_wconf 90' lang='lat' dir='ltr'>Literis</span> <span class='ocrx_word' id='word_1_117' title='bbox 811 2274 886 2352; x_wconf 87' lang='lat' dir='ltr'>suis</span> <span class='ocrx_word' id='word_1_118' title='bbox 918 2275 1136 2382; x_wconf 88' lang='lat' dir='ltr'>plerunque</span> <span class='ocrx_word' id='word_1_119' title='bbox 1168 2272 1320 2353; x_wconf 88' lang='lat' dir='ltr'>faciunt</span> 
     </span>
     <span class='ocr_line' id='line_1_17' title="bbox 298 2385 1320 2479; baseline 0 -16"><span class='ocrx_word' id='word_1_120' title='bbox 298 2388 431 2479; x_wconf 90' lang='lat' dir='ltr'>amici,</span> <span class='ocrx_word' id='word_1_121' title='bbox 463 2405 508 2465; x_wconf 94' lang='lat' dir='ltr'>ut</span> <span class='ocrx_word' id='word_1_122' title='bbox 534 2388 691 2466; x_wconf 91' lang='lat' dir='ltr'>unicam</span> <span class='ocrx_word' id='word_1_123' title='bbox 724 2406 877 2466; x_wconf 90' lang='lat' dir='ltr'>tantum</span> <span class='ocrx_word' id='word_1_124' title='bbox 909 2386 1071 2465; x_wconf 91' lang='lat' dir='ltr'>salutem</span> <span class='ocrx_word' id='word_1_125' title='bbox 1102 2385 1235 2465; x_wconf 90' lang='lat' dir='ltr'>dicere</span> <span class='ocrx_word' id='word_1_126' title='bbox 1267 2386 1320 2464; x_wconf 88' lang='lat' dir='ltr'>sat</span> 
     </span>
     <span class='ocr_line' id='line_1_18' title="bbox 168 2494 1319 2606; baseline 0.002 -32"><span class='ocrx_word' id='word_1_127' title='bbox 168 2494 350 2590; x_wconf 91' lang='lat' dir='ltr'>habeant,</span> <span class='ocrx_word' id='word_1_128' title='bbox 377 2519 417 2576; x_wconf 89' lang='lat' dir='ltr'>tu</span> <span class='ocrx_word' id='word_1_129' title='bbox 438 2497 535 2577; x_wconf 93' lang='lat' dir='ltr'>illud</span> <span class='ocrx_word' id='word_1_130' title='bbox 553 2498 637 2604; x_wconf 91' lang='lat' dir='ltr'>jam</span> <span class='ocrx_word' id='word_1_131' title='bbox 659 2500 772 2577; x_wconf 92' lang='lat' dir='ltr'>video</span> <span class='ocrx_word' id='word_1_132' title='bbox 792 2499 887 2606; x_wconf 93' lang='lat' dir='ltr'>quid</span> <span class='ocrx_word' id='word_1_133' title='bbox 909 2498 954 2576; x_wconf 91' lang='lat' dir='ltr'>s1t</span> <span class='ocrx_word' id='word_1_134' title='bbox 976 2498 1082 2605; x_wconf 94' lang='lat' dir='ltr'>quod</span> <span class='ocrx_word' id='word_1_135' title='bbox 1104 2499 1220 2577; x_wconf 90' lang='lat' dir='ltr'>toties</span> <span class='ocrx_word' id='word_1_136' title='bbox 1240 2497 1319 2576; x_wconf 91' lang='lat' dir='ltr'>im-</span> 
     </span>
     <span class='ocr_line' id='line_1_19' title="bbox 168 2609 1320 2719; baseline 0.002 -34"><span class='ocrx_word' id='word_1_137' title='bbox 168 2609 333 2712; x_wconf 83' lang='lat' dir='ltr'>pertias3</span> <span class='ocrx_word' id='word_1_138' title='bbox 356 2610 403 2687; x_wconf 91' lang='lat' dir='ltr'>ad</span> <span class='ocrx_word' id='word_1_139' title='bbox 424 2638 468 2687; x_wconf 90' lang='lat' dir='ltr'>ea</span> <span class='ocrx_word' id='word_1_140' title='bbox 488 2612 596 2688; x_wconf 91' lang='lat' dir='ltr'>enim</span> <span class='ocrx_word' id='word_1_141' title='bbox 612 2640 698 2717; x_wconf 88' lang='lat' dir='ltr'>quae</span> <span class='ocrx_word' id='word_1_142' title='bbox 718 2630 800 2690; x_wconf 90' lang='lat' dir='ltr'>tute</span> <span class='ocrx_word' id='word_1_143' title='bbox 817 2612 938 2719; x_wconf 91' lang='lat' dir='ltr'>prius,</span> <span class='ocrx_word' id='word_1_144' title='bbox 956 2628 996 2688; x_wconf 97' lang='lat' dir='ltr'>et</span> <span class='ocrx_word' id='word_1_145' title='bbox 1012 2610 1079 2688; x_wconf 91' lang='lat' dir='ltr'>alii</span> <span class='ocrx_word' id='word_1_146' title='bbox 1094 2609 1225 2689; x_wconf 91' lang='lat' dir='ltr'>adhuc</span> <span class='ocrx_word' id='word_1_147' title='bbox 1241 2609 1320 2688; x_wconf 92' lang='lat' dir='ltr'>sola</span> 
     </span>
     <span class='ocr_line' id='line_1_20' title="bbox 167 2718 1318 2830; baseline 0.003 -34"><span class='ocrx_word' id='word_1_148' title='bbox 167 2718 305 2797; x_wconf 87' lang='lat' dir='ltr'>afferre</span> <span class='ocrx_word' id='word_1_149' title='bbox 326 2720 478 2828; x_wconf 76' lang='lat' dir='ltr'>possunt</span> <span class='ocrx_word' id='word_1_150' title='bbox 499 2741 603 2814; x_wconf 89' lang='lat' dir='ltr'>vota,</span> <span class='ocrx_word' id='word_1_151' title='bbox 624 2723 707 2827; x_wconf 87' lang='lat' dir='ltr'>jam</span> <span class='ocrx_word' id='word_1_152' title='bbox 733 2720 842 2801; x_wconf 85' lang='lat' dir='ltr'>nunc</span> <span class='ocrx_word' id='word_1_153' title='bbox 865 2741 989 2800; x_wconf 90' lang='lat' dir='ltr'>artem</span> <span class='ocrx_word' id='word_1_154' title='bbox 1017 2721 1172 2830; x_wconf 92' lang='lat' dir='ltr'>insuper</span> <span class='ocrx_word' id='word_1_155' title='bbox 1193 2741 1318 2813; x_wconf 92' lang='lat' dir='ltr'>tuam,</span> 
     </span>
     <span class='ocr_line' id='line_1_21' title="bbox 168 2833 1318 2942; baseline 0.003 -34"><span class='ocrx_word' id='word_1_156' title='bbox 168 2833 328 2941; x_wconf 92' lang='lat' dir='ltr'>vimque</span> <span class='ocrx_word' id='word_1_157' title='bbox 353 2861 515 2911; x_wconf 90' lang='lat' dir='ltr'>omnem</span> <span class='ocrx_word' id='word_1_158' title='bbox 543 2836 740 2913; x_wconf 90' lang='lat' dir='ltr'>medicam</span> <span class='ocrx_word' id='word_1_159' title='bbox 771 2834 877 2942; x_wconf 88' lang='lat' dir='ltr'>quafi</span> <span class='ocrx_word' id='word_1_160' title='bbox 900 2835 1107 2912; x_wconf 92' lang='lat' dir='ltr'>cumulum</span> <span class='ocrx_word' id='word_1_161' title='bbox 1132 2833 1318 2913; x_wconf 86' lang='lat' dir='ltr'>accedere</span> 
     </span>
     <span class='ocr_line' id='line_1_22' title="bbox 167 2944 1318 3052; baseline 0.003 -33"><span class='ocrx_word' id='word_1_162' title='bbox 167 2944 224 3023; x_wconf 87' lang='lat' dir='ltr'>vis</span> <span class='ocrx_word' id='word_1_163' title='bbox 245 2972 310 3022; x_wconf 92' lang='lat' dir='ltr'>me</span> <span class='ocrx_word' id='word_1_164' title='bbox 331 2944 476 3023; x_wconf 92' lang='lat' dir='ltr'>scilicet</span> <span class='ocrx_word' id='word_1_165' title='bbox 497 2946 730 3052; x_wconf 90' lang='lat' dir='ltr'>intelligere.</span> <span class='ocrx_word' id='word_1_166' title='bbox 789 2946 912 3051; x_wconf 91' lang='lat' dir='ltr'>Jubes</span> <span class='ocrx_word' id='word_1_167' title='bbox 931 2948 1039 3023; x_wconf 91' lang='lat' dir='ltr'>enim</span> <span class='ocrx_word' id='word_1_168' title='bbox 1064 2945 1207 3024; x_wconf 91' lang='lat' dir='ltr'>salvere</span> <span class='ocrx_word' id='word_1_169' title='bbox 1231 2944 1318 3023; x_wconf 86' lang='lat' dir='ltr'>sex-</span> 
     </span>
     <span class='ocr_line' id='line_1_23' title="bbox 167 3057 1318 3165; baseline 0.001 -32"><span class='ocrx_word' id='word_1_170' title='bbox 167 3057 327 3148; x_wconf 86' lang='lat' dir='ltr'>centies,</span> <span class='ocrx_word' id='word_1_171' title='bbox 352 3077 543 3163; x_wconf 90' lang='lat' dir='ltr'>quantum</span> <span class='ocrx_word' id='word_1_172' title='bbox 566 3060 670 3152; x_wconf 88' lang='lat' dir='ltr'>volo,</span> <span class='ocrx_word' id='word_1_173' title='bbox 698 3078 891 3165; x_wconf 90' lang='lat' dir='ltr'>quantum</span> <span class='ocrx_word' id='word_1_174' title='bbox 913 3057 1079 3165; x_wconf 76' lang='lat' dir='ltr'>possum,</span> <span class='ocrx_word' id='word_1_175' title='bbox 1104 3058 1165 3136; x_wconf 91' lang='lat' dir='ltr'>vel</span> <span class='ocrx_word' id='word_1_176' title='bbox 1194 3057 1318 3135; x_wconf 91' lang='lat' dir='ltr'>etiam</span> 
     </span>
     <span class='ocr_line' id='line_1_24' title="bbox 168 3168 1320 3278; baseline 0.003 -34"><span class='ocrx_word' id='word_1_177' title='bbox 168 3168 352 3275; x_wconf 87' lang='lat' dir='ltr'>amplius.</span> <span class='ocrx_word' id='word_1_178' title='bbox 414 3171 488 3248; x_wconf 90' lang='lat' dir='ltr'>Nae</span> <span class='ocrx_word' id='word_1_179' title='bbox 512 3169 638 3278; x_wconf 92' lang='lat' dir='ltr'>ipsum</span> <span class='ocrx_word' id='word_1_180' title='bbox 665 3190 701 3248; x_wconf 90' lang='lat' dir='ltr'>te</span> <span class='ocrx_word' id='word_1_181' title='bbox 724 3199 848 3278; x_wconf 91' lang='lat' dir='ltr'>nuper</span> <span class='ocrx_word' id='word_1_182' title='bbox 869 3170 1011 3249; x_wconf 89' lang='lat' dir='ltr'>Salutis</span> <span class='ocrx_word' id='word_1_183' title='bbox 1030 3170 1204 3248; x_wconf 90' lang='lat' dir='ltr'>condum</span> <span class='ocrx_word' id='word_1_184' title='bbox 1225 3198 1320 3277; x_wconf 93' lang='lat' dir='ltr'>pro·</span> 
     </span>
     <span class='ocr_line' id='line_1_25' title="bbox 169 3278 1319 3388; baseline 0.001 -31"><span class='ocrx_word' id='word_1_185' title='bbox 169 3307 283 3358; x_wconf 89' lang='lat' dir='ltr'>mum</span> <span class='ocrx_word' id='word_1_186' title='bbox 304 3279 377 3358; x_wconf 80' lang='lat' dir='ltr'>esl&#39;e</span> <span class='ocrx_word' id='word_1_187' title='bbox 399 3278 547 3360; x_wconf 71' lang='lat' dir='ltr'>fastum</span> <span class='ocrx_word' id='word_1_188' title='bbox 567 3300 736 3388; x_wconf 88' lang='lat' dir='ltr'>oportet,</span> <span class='ocrx_word' id='word_1_189' title='bbox 762 3283 816 3360; x_wconf 92' lang='lat' dir='ltr'>ita</span> <span class='ocrx_word' id='word_1_190' title='bbox 841 3302 969 3360; x_wconf 90' lang='lat' dir='ltr'>totum</span> <span class='ocrx_word' id='word_1_191' title='bbox 993 3280 1227 3359; x_wconf 85' lang='lat' dir='ltr'>salubritatis</span> <span class='ocrx_word' id='word_1_192' title='bbox 1246 3309 1319 3388; x_wconf 95' lang='lat' dir='ltr'>pe-</span> 
     </span>
     <span class='ocr_line' id='line_1_26' title="bbox 167 3391 1320 3502; baseline 0.003 -36"><span class='ocrx_word' id='word_1_193' title='bbox 167 3418 264 3468; x_wconf 92' lang='lat' dir='ltr'>num</span> <span class='ocrx_word' id='word_1_194' title='bbox 285 3391 490 3497; x_wconf 88' lang='lat' dir='ltr'>dilapidas,</span> <span class='ocrx_word' id='word_1_195' title='bbox 512 3416 578 3471; x_wconf 90' lang='lat' dir='ltr'>aut</span> <span class='ocrx_word' id='word_1_196' title='bbox 599 3393 679 3502; x_wconf 87' lang='lat' dir='ltr'>ipsa</span> <span class='ocrx_word' id='word_1_197' title='bbox 698 3393 959 3501; x_wconf 87' lang='lat' dir='ltr'>proculdubio</span> <span class='ocrx_word' id='word_1_198' title='bbox 984 3392 1121 3472; x_wconf 90' lang='lat' dir='ltr'>sanitas</span> <span class='ocrx_word' id='word_1_199' title='bbox 1140 3391 1226 3497; x_wconf 90' lang='lat' dir='ltr'>jam</span> <span class='ocrx_word' id='word_1_200' title='bbox 1251 3411 1320 3470; x_wconf 92' lang='lat' dir='ltr'>tua</span> 
     </span>
     <span class='ocr_line' id='line_1_27' title="bbox 169 3501 1320 3614; baseline 0.004 -37"><span class='ocrx_word' id='word_1_201' title='bbox 169 3501 333 3579; x_wconf 84' lang='lat' dir='ltr'>Parasrta</span> <span class='ocrx_word' id='word_1_202' title='bbox 354 3501 427 3580; x_wconf 84' lang='lat' dir='ltr'>effe</span> <span class='ocrx_word' id='word_1_203' title='bbox 447 3504 578 3598; x_wconf 91' lang='lat' dir='ltr'>debet,</span> <span class='ocrx_word' id='word_1_204' title='bbox 603 3505 653 3583; x_wconf 88' lang='lat' dir='ltr'>fic</span> <span class='ocrx_word' id='word_1_205' title='bbox 674 3535 746 3614; x_wconf 93' lang='lat' dir='ltr'>pro</span> <span class='ocrx_word' id='word_1_206' title='bbox 768 3509 879 3613; x_wconf 88' lang='lat' dir='ltr'>Rege</span> <span class='ocrx_word' id='word_1_207' title='bbox 908 3524 944 3584; x_wconf 90' lang='lat' dir='ltr'>te</span> <span class='ocrx_word' id='word_1_208' title='bbox 970 3506 1074 3612; x_wconf 88' lang='lat' dir='ltr'>geris</span> <span class='ocrx_word' id='word_1_209' title='bbox 1097 3522 1215 3611; x_wconf 90' lang='lat' dir='ltr'>atque</span> <span class='ocrx_word' id='word_1_210' title='bbox 1239 3504 1320 3582; x_wconf 92' lang='lat' dir='ltr'>im-</span> 
     </span>
     <span class='ocr_line' id='line_1_28' title="bbox 167 3613 1320 3725; baseline 0.004 -34"><span class='ocrx_word' id='word_1_211' title='bbox 167 3641 277 3721; x_wconf 89' lang='lat' dir='ltr'>peras</span> <span class='ocrx_word' id='word_1_212' title='bbox 306 3633 350 3690; x_wconf 92' lang='lat' dir='ltr'>ut</span> <span class='ocrx_word' id='word_1_213' title='bbox 378 3613 483 3693; x_wconf 73' lang='lat' dir='ltr'>disto</span> <span class='ocrx_word' id='word_1_214' title='bbox 511 3616 556 3693; x_wconf 89' lang='lat' dir='ltr'>fit</span> <span class='ocrx_word' id='word_1_215' title='bbox 579 3617 760 3711; x_wconf 85' lang='lat' dir='ltr'>audiens3</span> <span class='ocrx_word' id='word_1_216' title='bbox 798 3620 929 3725; x_wconf 89' lang='lat' dir='ltr'>itaque</span> <span class='ocrx_word' id='word_1_217' title='bbox 955 3616 1142 3723; x_wconf 88' lang='lat' dir='ltr'>gratulor·</span> <span class='ocrx_word' id='word_1_218' title='bbox 1162 3616 1250 3709; x_wconf 92' lang='lat' dir='ltr'>tibi,</span> <span class='ocrx_word' id='word_1_219' title='bbox 1278 3639 1320 3696; x_wconf 91' lang='lat' dir='ltr'>et</span> 
     </span>
     <span class='ocr_line' id='line_1_29' title="bbox 167 3725 1319 3835; baseline 0.003 -31"><span class='ocrx_word' id='word_1_220' title='bbox 167 3725 318 3834; x_wconf 92' lang='lat' dir='ltr'>duplici</span> <span class='ocrx_word' id='word_1_221' title='bbox 338 3726 501 3833; x_wconf 90' lang='lat' dir='ltr'>proinde</span> <span class='ocrx_word' id='word_1_222' title='bbox 519 3730 679 3805; x_wconf 91' lang='lat' dir='ltr'>nomine</span> <span class='ocrx_word' id='word_1_223' title='bbox 694 3731 836 3835; x_wconf 88' lang='lat' dir='ltr'>gratias</span> <span class='ocrx_word' id='word_1_224' title='bbox 856 3729 928 3808; x_wconf 90' lang='lat' dir='ltr'>tibi</span> <span class='ocrx_word' id='word_1_225' title='bbox 944 3756 1058 3833; x_wconf 90' lang='lat' dir='ltr'>agam</span> <span class='ocrx_word' id='word_1_226' title='bbox 1080 3728 1228 3807; x_wconf 74' lang='lat' dir='ltr'>necesse</span> <span class='ocrx_word' id='word_1_227' title='bbox 1247 3728 1319 3823; x_wconf 91' lang='lat' dir='ltr'>est,</span> 
     </span>
     <span class='ocr_line' id='line_1_30' title="bbox 167 3838 1319 3946; baseline 0.003 -30"><span class='ocrx_word' id='word_1_228' title='bbox 167 3867 262 3917; x_wconf 88' lang='lat' dir='ltr'>eum</span> <span class='ocrx_word' id='word_1_229' title='bbox 291 3838 474 3917; x_wconf 74' lang='lat' dir='ltr'>amicitia</span> <span class='ocrx_word' id='word_1_230' title='bbox 509 3859 594 3918; x_wconf 90' lang='lat' dir='ltr'>tum</span> <span class='ocrx_word' id='word_1_231' title='bbox 623 3842 714 3920; x_wconf 89' lang='lat' dir='ltr'>artis</span> <span class='ocrx_word' id='word_1_232' title='bbox 741 3842 910 3920; x_wconf 87' lang='lat' dir='ltr'>eximiae.</span> <span class='ocrx_word' id='word_1_233' title='bbox 971 3842 1123 3918; x_wconf 89' lang='lat' dir='ltr'>Literas</span> <span class='ocrx_word' id='word_1_234' title='bbox 1151 3840 1319 3946; x_wconf 92' lang='lat' dir='ltr'>quidem</span> 
     </span>
     <span class='ocr_line' id='line_1_31' title="bbox 168 3951 1321 4061; baseline 0.003 -33"><span class='ocrx_word' id='word_1_235' title='bbox 168 3969 267 4042; x_wconf 91' lang='lat' dir='ltr'>tuas,</span> <span class='ocrx_word' id='word_1_236' title='bbox 288 3952 477 4057; x_wconf 91' lang='lat' dir='ltr'>quoniam</span> <span class='ocrx_word' id='word_1_237' title='bbox 497 3953 550 4031; x_wconf 92' lang='lat' dir='ltr'>ita</span> <span class='ocrx_word' id='word_1_238' title='bbox 573 3974 820 4048; x_wconf 88' lang='lat' dir='ltr'>convenerat,</span> <span class='ocrx_word' id='word_1_239' title='bbox 843 3954 912 4032; x_wconf 93' lang='lat' dir='ltr'>diu</span> <span class='ocrx_word' id='word_1_240' title='bbox 934 3951 1217 4061; x_wconf 74' lang='lat' dir='ltr'>expeslabam;</span> <span class='ocrx_word' id='word_1_241' title='bbox 1250 3981 1321 4031; x_wconf 90' lang='lat' dir='ltr'>ve·</span> 
     </span>
     <span class='ocr_line' id='line_1_32' title="bbox 168 4061 1319 4170; baseline 0.002 -30"><span class='ocrx_word' id='word_1_242' title='bbox 168 4090 257 4140; x_wconf 92' lang='lat' dir='ltr'>rum</span> <span class='ocrx_word' id='word_1_243' title='bbox 278 4064 447 4168; x_wconf 91' lang='lat' dir='ltr'>acceptis</span> <span class='ocrx_word' id='word_1_244' title='bbox 468 4092 594 4170; x_wconf 89' lang='lat' dir='ltr'>neque</span> <span class='ocrx_word' id='word_1_245' title='bbox 620 4065 717 4144; x_wconf 91' lang='lat' dir='ltr'>dum</span> <span class='ocrx_word' id='word_1_246' title='bbox 741 4067 845 4158; x_wconf 89' lang='lat' dir='ltr'>ullis,</span> <span class='ocrx_word' id='word_1_247' title='bbox 875 4064 1021 4170; x_wconf 75' lang='lat' dir='ltr'>siquid</span> <span class='ocrx_word' id='word_1_248' title='bbox 1047 4061 1147 4142; x_wconf 91' lang='lat' dir='ltr'>mihi</span> <span class='ocrx_word' id='word_1_249' title='bbox 1174 4064 1319 4159; x_wconf 89' lang='lat' dir='ltr'>credis,</span> 
     </span>
     <span class='ocr_line' id='line_1_33' title="bbox 168 4172 1320 4281; baseline 0.003 -29"><span class='ocrx_word' id='word_1_250' title='bbox 168 4201 246 4253; x_wconf 90' lang='lat' dir='ltr'>non</span> <span class='ocrx_word' id='word_1_251' title='bbox 280 4172 426 4252; x_wconf 92' lang='lat' dir='ltr'>idcirco</span> <span class='ocrx_word' id='word_1_252' title='bbox 455 4195 626 4254; x_wconf 91' lang='lat' dir='ltr'>veterem</span> <span class='ocrx_word' id='word_1_253' title='bbox 659 4206 790 4256; x_wconf 90' lang='lat' dir='ltr'>meam</span> <span class='ocrx_word' id='word_1_254' title='bbox 815 4203 909 4281; x_wconf 87' lang='lat' dir='ltr'>ergo</span> <span class='ocrx_word' id='word_1_255' title='bbox 936 4196 973 4255; x_wconf 91' lang='lat' dir='ltr'>te</span> <span class='ocrx_word' id='word_1_256' title='bbox 1001 4174 1320 4255; x_wconf 88' lang='lat' dir='ltr'>benevolentiam</span> 
     </span>
     <span class='ocr_line' id='line_1_34' title="bbox 168 4283 1320 4396; baseline 0.003 -32"><span class='ocrx_word' id='word_1_257' title='bbox 168 4286 366 4364; x_wconf 90' lang='lat' dir='ltr'>tantillum</span> <span class='ocrx_word' id='word_1_258' title='bbox 391 4283 639 4391; x_wconf 85' lang='lat' dir='ltr'>refrigescere</span> <span class='ocrx_word' id='word_1_259' title='bbox 668 4289 751 4367; x_wconf 90' lang='lat' dir='ltr'>sum</span> <span class='ocrx_word' id='word_1_260' title='bbox 786 4287 933 4396; x_wconf 78' lang='lat' dir='ltr'>paffus3</span> <span class='ocrx_word' id='word_1_261' title='bbox 965 4291 1092 4367; x_wconf 91' lang='lat' dir='ltr'>immo</span> <span class='ocrx_word' id='word_1_262' title='bbox 1123 4316 1216 4367; x_wconf 92' lang='lat' dir='ltr'>vero</span> <span class='ocrx_word' id='word_1_263' title='bbox 1240 4289 1320 4396; x_wconf 70' lang='lat' dir='ltr'>qua</span> 
     </span>
     <span class='ocr_line' id='line_1_35' title="bbox 168 4397 1318 4511; baseline 0.005 -37"><span class='ocrx_word' id='word_1_264' title='bbox 168 4397 356 4476; x_wconf 84' lang='lat' dir='ltr'>tarditatis</span> <span class='ocrx_word' id='word_1_265' title='bbox 376 4399 623 4478; x_wconf 84' lang='lat' dir='ltr'>excusatione</span> <span class='ocrx_word' id='word_1_266' title='bbox 645 4401 730 4478; x_wconf 90' lang='lat' dir='ltr'>usus</span> <span class='ocrx_word' id='word_1_267' title='bbox 752 4401 974 4511; x_wconf 89' lang='lat' dir='ltr'>Literarurn</span> <span class='ocrx_word' id='word_1_268' title='bbox 995 4401 1110 4478; x_wconf 90' lang='lat' dir='ltr'>initio</span> <span class='ocrx_word' id='word_1_269' title='bbox 1131 4427 1171 4478; x_wconf 92' lang='lat' dir='ltr'>es</span> <span class='ocrx_word' id='word_1_270' title='bbox 1192 4400 1318 4508; x_wconf 89' lang='lat' dir='ltr'>ipsam</span> 
     </span>
    </p>
   </div>
   <div class='ocr_carea' id='block_1_7' title="bbox 0 0 1490 4980">
    <p class='ocr_par' dir='ltr' id='par_1_7' title="bbox 0 0 1490 4980">
     <span class='ocr_line' id='line_1_36' title="bbox 0 0 1490 4980; baseline 0 0"><span class='ocrx_word' id='word_1_271' title='bbox 0 0 1490 4980; x_wconf 95' lang='lat' dir='ltr'> </span> 
     </span>
    </p>
   </div>
  </div>
 </body>
</html>
