2956 4980
383 219 545 317 Literae
571 219 763 324 Oliverii
789 231 1078 325 Protesloris.
1242 267 1263 321 2
1270 266 1321 348 57

156 677 366 760 oliverius
396 684 596 765 Protetior
624 687 734 793 Reip.
765 688 934 795 Angliae,
973 707 1045 770 etc.
1081 690 1319 799 Amplfflmis

219 791 437 981 lCorfirlt‘bus
458 813 496 875 et
518 798 758 879 Senatoribus
778 800 961 880 Ciur’tatis
983 803 1211 908 Geneverfis,
1246 805 1317 882 Sa-

236 922 361 983 utem.

231 1067 434 1149 Ummum
453 1070 632 1171 dolorem
651 1072 828 1153 nostrum
846 1103 968 1182 quern
991 1101 1042 1152 ex
1066 1074 1252 1154 maximis
1275 1092 1316 1154 et

256 1180 441 1262 inauditis
456 1183 745 1292 Proteslantium
759 1183 1045 1265 calamitatibus
1064 1186 1188 1264 Valles
1201 1185 1314 1293 quas·

158 1289 257 1370 dam
272 1290 561 1375 Pedemontanas
571 1296 830 1376 incolentium
848 1298 1109 1406 percepimus,
1127 1325 1225 1404 quos
1238 1297 1315 1376 Al-

160 1400 350 1510 lobrogum
384 1407 482 1486 Dux
520 1426 625 1487 tanta
672 1409 901 1488 crudelitate
941 1409 1195 1518 persequutus
1244 1408 1314 1501 est,

156 1512 400 1624 jampridem
412 1518 521 1598 vobis
536 1518 856 1628 exposuissemus,
869 1521 939 1599 nis1
955 1521 994 1599 id
1010 1520 1134 1625 magis
1150 1548 1313 1628 operam

161 1625 395 1708 dedissemus
426 1649 471 1709 ut
500 1631 640 1711 eodem
675 1651 854 1741 tempore
888 1632 1157 1738 intelligeretis
1197 1633 1312 1710 tantis

160 1766 303 1818 eorum
323 1739 486 1822 miseriis
505 1771 583 1822 non
604 1744 706 1823 affici
727 1772 795 1823 nos
815 1744 956 1837 solum,
970 1771 1110 1823 verum
1126 1743 1246 1822 etiam
1265 1743 1313 1821 de

162 1847 408 1933 sublevandis
427 1855 474 1933 iis
496 1875 614 1963 atque
639 1855 819 1949 selandia,
844 1875 1038 1965 quantum
1062 1856 1103 1933 in
1129 1855 1239 1933 nobis
1259 1854 1316 1932 est

160 1963 396 2072 prospicere.
455 1969 708 2077 Qapropter
720 1967 966 2078 Eleemosynas
985 1965 1172 2077 perhanc
1190 1985 1312 2046 totam

162 2075 441 2185 Rempublicam
465 2081 703 2186 colligendas
728 2083 974 2159 curavimus:
1006 2106 1101 2187 quas
1125 2077 1315 2183 ejusmodi

163 2183 248 2266 fore
270 2187 375 2269 haud
396 2190 598 2271 immerito
618 2195 885 2298 expectamus,
907 2220 993 2299 quae
1013 2191 1178 2270 nationis
1199 2188 1315 2295 hujus

161 2297 353 2381 affectum
368 2330 459 2410 erga
476 2302 612 2384 fratres
628 2301 713 2382 suos
731 2322 810 2383 tam
828 2304 1017 2382 immania
1034 2301 1225 2411 perpessos
1245 2302 1314 2380 de·

163 2412 378 2494 monstrare
391 2414 547 2522 poffint,
560 2433 600 2495 et
611 2416 950 2522 quemadmodum
964 2415 1163 2520 religionis
1177 2413 1315 2492 eadem

162 2525 349 2632 utrinque
367 2527 599 2606 communio
619 2526 689 2620 est,
711 2529 765 2608 ita
788 2526 937 2607 sensum
961 2553 1120 2633 quoque
1143 2524 1314 2604 eundem

161 2636 436 2717 calamitatum
451 2639 548 2733 esse;
571 2640 716 2718 interea
730 2641 826 2718 dum
845 2642 1019 2747 pecuniae
1033 2636 1213 2715 collectio
1230 2664 1315 2715 ma·

163 2763 331 2842 tutatur,
364 2751 471 2855 quod
503 2752 579 2830 fine
606 2749 728 2860 spatio
761 2753 950 2859 temporis
977 2748 1061 2827 fieri
1092 2750 1244 2857 nequit,
1277 2766 1317 2827 et

162 2858 399 2942 miserorum
417 2862 581 2942 istorum
601 2863 747 2969 egestas
765 2881 881 2968 atque
902 2862 1035 2969 inopia
1054 2862 1135 2967 pati
1160 2886 1315 2938 moram

162 2998 244 3051 non
257 2973 398 3080 potest,
413 2974 665 3054 necessarium
682 2975 869 3054 duximus
885 2973 965 3052 duo
981 2970 1106 3050 millia
1125 2971 1316 3050 librarum

162 3084 428 3191 Anglicarum
447 3105 592 3193 quanta
610 3087 695 3166 fieri
715 3087 845 3195 potuit
863 3085 1060 3164 celeritate
1080 3083 1315 3190 praemittere

163 3194 346 3276 intereos
361 3196 624 3278 distribuenda
643 3199 713 3306 qui
726 3195 1097 3307 praesentiffimlope
1117 3213 1233 3300 atque
1253 3191 1315 3270 so-

163 3305 450 3417 latioindigere
464 3310 637 3389 maxime
648 3309 898 3388 videbuntur.
931 3308 1039 3385 Cum
1053 3324 1184 3384 autem
1198 3302 1316 3383 nescii

163 3446 245 3499 non
265 3421 383 3499 fimus
403 3422 809 3501 innocentissimorum
835 3417 1047 3498 hominum
1071 3415 1233 3496 miseriae
1256 3433 1318 3495 at-

164 3560 246 3639 que
260 3532 409 3638 injuriae
423 3553 663 3643 quantopere
679 3562 746 3612 vos
763 3531 978 3623 affecerint,
993 3556 1064 3608 nec
1077 3528 1187 3609 vobis
1202 3528 1319 3635 quic-

165 3671 289 3751 quam
309 3644 432 3724 labori
453 3664 519 3724 aut
544 3645 729 3724 molestiae
752 3642 835 3722 fore
859 3641 966 3750 quod
991 3641 1067 3720 illis
1091 3640 1317 3745 adjumento

164 3774 284 3861 atque
296 3757 445 3836 auxilio
461 3757 535 3836 esse
552 3757 679 3866 possit,
693 3756 916 3865 praedistam
930 3745 1105 3861 p'ecuniae
1122 3751 1316 3829 summam

165 3867 246 3947 illis
277 3868 507 3949 calamitosis
536 3869 747 3947 curandam
778 3894 823 3946 ac
855 3863 1138 3942 numerandam
1168 3862 1216 3940 ad
1250 3889 1317 3940 vos

167 3979 373 4060 transferre
388 4009 466 4061 non
482 3978 763 4071 dubitavimus3
787 3978 906 4083 idque
920 3975 1029 4054 vobis
1045 3974 1195 4077 negotii
1211 3972 1317 4065 dare,

166 4110 212 4170 ut
238 4119 312 4201 pro
336 4093 459 4172 vestri
483 4094 627 4201 pietate
650 4119 694 4169 ac
726 4088 932 4198 prudentii
961 4086 1164 4195 providere
1191 4084 1318 4162 velitis

166 4232 246 4313 qua
278 4205 427 4285 ratione
456 4203 667 4312 aequislima
696 4229 816 4309 quam
849 4201 1027 4307 primum
1054 4197 1120 4274 illa
1153 4194 1319 4303 pecunia

166 4317 423 4423 egentissimis
453 4313 673 4425 quibusque
696 4313 876 4393 distribui
903 4329 1036 4418 queat,
1069 4326 1113 4386 ut
1141 4304 1320 4413 quamvis

166 4429 322 4511 summa
341 4429 429 4508 sane
449 4429 593 4536 exigua
613 4427 671 4520 fit,
693 4424 843 4532 aliquid
864 4443 995 4502 tamen
1021 4420 1065 4499 sit
1084 4418 1218 4497 saltem
1238 4442 1321 4522 quo

228 4569 250 4649 5
704 4565 721 4614 S
