2956 4980
163 261 185 342 3
192 237 243 344 36
379 220 544 349 Litera
570 212 797 315 Richardi
817 217 1108 317 Protesboris.

160 394 215 472 Et
232 392 282 473 ad
301 410 470 500 paternae
485 390 650 499 quidem
666 389 790 471 laudis
805 390 1015 471 cumulum
1034 387 1136 470 nihil
1152 386 1311 499 posthac

159 504 330 614 amplius
355 522 424 583 aut
449 502 635 582 illustrius
658 521 766 583 tanto
790 500 956 583 authore
980 502 1164 583 accedere
1188 503 1313 610 potest

160 619 262 696 meis
280 635 387 695 certe
414 617 456 695 in
478 613 707 724 capessenda
728 613 872 723 Repub.
893 615 1074 723 auspiciis
1100 611 1204 694 nihil
1227 612 1313 694 feli·

159 729 244 808 cius
260 746 368 808 tanto
377 726 641 821 Gratulatore,
656 725 703 805 ad
715 727 876 805 virtutes
888 727 1058 835 denique
1070 727 1216 835 patrias
1229 745 1313 806 tan·

159 868 281 950 quam
318 838 585 920 haereditatem
620 839 814 946 optimam
853 838 1048 920 adeundas
1075 835 1179 935 nihil
1208 839 1313 947 quod

159 951 345 1032 accendat
355 948 629 1030 vehementius
642 970 749 1031 tanto
762 948 959 1031 hortatore
977 951 1108 1059 potuit
1121 952 1310 1031 accidere.

159 1065 227 1144 Ad
247 1064 414 1143 rationes
430 1061 796 1171 Mcy'estatioVestrae
807 1061 856 1141 de
875 1062 1083 1143 communi
1097 1062 1314 1172 Protestan·

159 1175 255 1255 tium
286 1172 399 1254 causa
426 1173 631 1254 nobiscum
656 1175 771 1255 initas
794 1176 902 1281 quod
925 1174 949 1253 s
968 1177 1084 1266 estat,
1109 1173 1161 1254 fic
1194 1175 1313 1255 velim

160 1286 374 1379 existimet,
399 1313 464 1365 me
494 1286 657 1393 quidem
686 1313 736 1366 ex
762 1314 843 1394 quo
868 1285 916 1365 ad
940 1205 1026 1366 haec
1050 1284 1313 1392 gubernacula

160 1398 311 1491 acceffi,
330 1394 558 1506 quanquam
580 1426 628 1477 eo
654 1396 742 1477 loco
771 1425 830 1477 res
855 1397 989 1477 nostrae
1013 1397 1115 1490 sunt,
1138 1417 1186 1478 ut
1208 1398 1313 1479 sum·

161 1538 272 1590 mam
294 1509 561 1617 diligentiam,
586 1537 737 1604 curam,
758 1508 1003 1618 vigilantiam
1027 1510 1138 1590 <lomi
1164 1512 1313 1620 potiffi-

160 1649 275 1701 mum
288 1624 501 1730 requirant,
510 1619 611 1700 nihil
629 1640 760 1702 tamen
774 1622 973 1730 antiquius
984 1640 1052 1702 aut
1063 1622 1313 1704 deliberatius

160 1731 333 1814 habuisse
356 1752 425 1814 aut
449 1731 591 1814 habere
614 1761 737 1843 quam
759 1752 922 1842 paterno
946 1732 1084 1813 foederi
1104 1762 1201 1816 cum
1219 1738 1313 1815 Ma-

149 1843 285 1953 jessate
301 1844 431 1951 Vestra
442 1844 619 1954 perc‘uffo
633 1865 827 1955 quantum
845 1847 887 1926 in
905 1873 970 1926 me
986 1847 1061 1926 erit
1075 1872 1156 1926 non
1171 1849 1310 1928 deesse.

162 1955 333 2035 Classem
347 1958 480 2065 itaque
500 1957 540 2036 in
561 1984 667 2037 mare
683 1958 875 2039 Balticum
895 1958 1131 2038 mittendam
1151 1987 1248 2039 cum
1268 1961 1313 2040 iis

161 2067 353 2147 mandatis
381 2068 514 2148 curavi
538 2097 626 2177 quae
651 2071 926 2150 Internuncius
958 2069 1085 2150 noster
1111 2098 1236 2179 quem
1266 2073 1311 2151 ad

158 2178 237 2258 hoc
257 2198 388 2259 totum
407 2181 614 2289 negotium
630 2179 865 2290 ampliflime
879 2182 1151 2276 instruximus,
1166 2182 1311 2289 Majes-

160 2291 241 2372 tati
255 2291 393 2400 Vestrae
408 2293 733 2374 communicabit.
795 2297 931 2405 Qam
945 2294 1057 2373 Deus
1075 2296 1176 2404 Opt.
1195 2297 1309 2375 Max.

161 2403 408 2484 incolumem
431 2403 698 2514 prosperisque
724 2432 857 2485 rerum
880 2405 1108 2485 succeffibus
1135 2404 1310 2487 fortuna·

161 2515 348 2704 tillirsnam
378 2517 427 2596 ad
456 2515 706 2598 orthodoxam
720 2516 839 2625 fidem
869 2518 1073 2598 tutandam
1100 2518 1309 2600 diutillime

162 2654 238 2706 con
256 2646 377 2706 ervet.

250 2740 308 2818 W
300 2735 554 2848 estmonasterio
573 2768 618 2817 ex
633 2740 742 2819 Aula
760 2738 897 2852 nostra,

350 2845 407 2930 die
430 2876 478 2957 13
499 2850 629 2930 octob.
652 2852 771 2960 1658.
951 2853 953 2859 ’

162 3231 384 3314 Richardus
407 3236 604 3317 Proteblor
624 3235 842 3342 Serenfflmo
860 3266 907 3318 oc
927 3238 1170 3346 Potentffmo
1193 3241 1308 3323 Proit-

217 3346 295 3455 ctpi
312 3347 457 3428 Carolo
475 3348 665 3442 Gustavo,
683 3349 896 3445 Suecorum,
923 3353 1139 3447 Gothorum,
1160 3353 1308 3436 Vanda-

216 3456 403 3567 lorumque
419 3460 529 3566 Regi,
550 3462 629 3565 &a

161 3622 408 3702 Sereniffime
430 3626 778 3734 Potentiffimeque
799 3623 904 3723 Rex,

301 3735 447 3815 Amice
467 3763 511 3815 ac
533 3738 760 3835 Foederate;

291 3861 371 3940 Itto
388 3860 436 3940 ad
454 3859 702 3967 Majestatem
717 3864 913 3960 Vestram,
932 3893 1013 3974 quo
1034 3864 1135 3945 nihil
1154 3867 1313 3977 dignius

317 3992 385 4052 aut
412 3974 650 4082 praestantius
674 3975 828 4083 possum
852 3979 1023 4072 mittere,
1052 3979 1199 4059 Virum
1223 3978 1312 4061 verb

159 4083 557 4193 egregium,vereque
573 4087 765 4167 Nobilem
775 4087 974 4196 Georgium
988 4089 1175 4196 Aiscoum,
1193 4092 1313 4202 Equi·

158 4209 232 4272 tem
250 4214 442 4287 auratum,
470 4224 549 4276 non
575 4196 702 4279 solbm
729 4199 836 4293 belli,
867 4219 907 4279 et
932 4201 1077 4282 navalis
1101 4201 1313 4311 praesertim

160 4304 320 4387 scientia
339 4306 474 4386 multis
494 4337 545 4387 ex
565 4310 680 4390 rebus
699 4310 853 4391 fortiter
868 4312 985 4421 gestis
1005 4315 1213 4422 cognitum
1226 4315 1313 4420 jam

158 4415 254 4527 saepe
279 4438 397 4530 atque
422 4418 653 4529 spectatum,
676 4451 815 4510 verum
842 4425 963 4507 etiam
985 4426 1196 4538 probitate,
1224 4454 1312 4508 mo·
