2956 4980
35 359 45 379 ἢ
160 267 240 346 292
386 235 549 331 Literae
574 231 769 335 oliverii
787 233 1078 333 protectoris.

159 438 227 489 mo
242 407 489 492 haberemus.
521 414 575 493 Et
589 440 817 523 quanquam
838 411 945 491 idern
963 407 1076 490 nobis
1090 405 1309 488 etiamnum

158 523 313 602 animus
325 543 472 617 manet,
480 522 665 606 hastenus
678 544 811 606 tamen
825 525 1015 605 idoneum
1027 521 1202 628 aliquem
1215 543 1309 594 cum

159 635 206 714 iis
226 636 420 716 mandatis
439 637 655 731 dimittere,
679 666 765 746 quae
791 635 1060 745 graviffimum
1084 627 1310 738 hujusmodi

158 749 366 854 negotium
386 749 610 858 postularet,
626 778 705 829 non
722 753 948 859 potuimus;
970 741 1311 856 quemadmodum

152 858 239 965 jam
259 860 369 940 brevi
394 859 563 941 fasluros
587 890 665 941 non
689 862 763 942 esse
782 861 994 971 speramus.
1054 859 1210 937 Interea
1230 880 1311 931 non

159 973 427 1052 omittendum
446 969 594 1054 diutiirs
619 974 933 1054 existimavimus
953 969 1206 1077 Majestatem
1224 965 1309 1045 ves-

159 1103 262 1163 tram
287 1086 497 1166 certiorem
517 1084 661 1178 sacere,
686 1086 913 1195 praesentem
936 1109 1069 1164 rerum
1091 1083 1134 1160 in
1155 1082 1312 1186 Europa

159 1195 304 1275 statum
323 1194 429 1276 haud
448 1199 640 1278 mediocri
661 1226 732 1279 nos
756 1199 848 1279 curi
874 1224 919 1278 ac
941 1194 1180 1302 cogitatione
1203 1190 1311 1270 solli-

160 1310 259 1388 citos
273 1308 434 1390 tenuisse
450 1341 460 1390 ε
482 1338 576 1390 cum
591 1310 640 1389 ab
655 1310 806 1419 aliquot
817 1310 903 1417 jam
918 1310 1027 1388 aunis
1043 1305 1200 1386 summo
1215 1330 1311 1382 cum

158 1420 293 1500 dolore
309 1423 510 1502 videamus
524 1422 814 1532 Protestantium
828 1421 1030 1529 Principes
1041 1446 1086 1498 ac
1100 1417 1310 1497 civitatum

161 1533 358 1615 Primores
381 1535 496 1644 (quos
516 1564 567 1615 ex
586 1532 793 1615 communi
814 1532 1014 1640 Religionis
1036 1551 1153 1638 atque
1179 1527 1309 1607 salutis

159 1646 319 1725 vinculo
330 1642 492 1727 omnem
504 1647 581 1728 sese
593 1647 735 1728 mutuh
748 1645 1006 1728 confirmandi
1017 1672 1063 1724 ac
1074 1639 1311 1722 defendendi

161 1759 260 1838 inire
281 1760 474 1840 rationem
493 1762 706 1869 oporteret)
733 1762 833 1840 inter
859 1757 896 1837 se
922 1758 1046 1837 indies
1071 1755 1199 1861 magis
1225 1780 1309 1832 ma-

162 1869 297 1978 gisque
332 1871 488 1951 infirme
526 1874 733 1966 animatos,
772 1871 868 1979 quid
905 1868 1069 1978 quisque
1108 1865 1309 1958 moliatur,

160 1984 306 2090 quidve
345 1983 479 2077 struat,
516 1983 735 2093 suspectum
770 1981 933 2074 habere3
968 1999 1123 2061 metum
1156 1978 1308 2068 amicis,

160 2094 270 2203 spem
305 2090 480 2174 hostibus
509 2095 736 2202 praebentes‚
763 2094 991 2175 inimicitias
1017 2110 1134 2199 atque
1159 2089 1308 2171 diffidia

160 2208 291 2314 potius
303 2205 377 2286 hac
388 2235 520 2287 rerum
533 2208 784 2288 inclinatione
798 2206 993 2316 portendi,
1013 2232 1135 2311 quam
1148 2202 1309 2282 firmum

160 2320 331 2399 invicem
346 2320 570 2400 animorum
582 2319 877 2413 consensum,ad
893 2316 1111 2427 praefidium
1123 2333 1308 2394 mutuum

160 2458 206 2509 ac
225 2430 503 2511 defensionem.
562 2434 697 2539 Atque
723 2429 804 2511 haec
828 2431 991 2538 quidem
1017 2427 1240 2507 sollicitudo
1263 2452 1308 2503 eo

161 2541 276 2622 altius
297 2544 431 2622 animo
457 2543 586 2623 nostro
611 2543 763 2636 insedit,
791 2571 871 2651 quo
896 2541 1021 2648 magis
1041 2541 1082 2619 in
1103 2538 1309 2646 Majestate

160 2654 298 2746 vestra,
314 2656 505 2761 Regequc
523 2656 665 2735 Sueciae
677 2653 806 2735 adhuc
819 2655 970 2763 aliquid
987 2652 1148 2732 resrdere
1164 2669 1310 2730 mutuae

163 2764 387 2875 suspicionis
407 2767 583 2862 videtur;
609 2768 672 2846 vel
692 2767 828 2847 saltem
848 2794 925 2845 non
946 2792 1032 2845 eam
1053 2762 1219 2844 existere
1239 2789 1308 2841 vo-

161 2879 359 2958 luntatum
388 2878 707 2984 conjundlionem
731 2906 851 2987 quam
880 2877 1105 2970 communis
1134 2874 1310 2955 nostrum

160 2992 342 3071 omnium
363 2990 403 3070 in
422 2990 672 3072 Orthodoxam
692 2992 924 3098 religionem
944 3018 1056 3069 amor
1073 3016 1118 3067 ac
1138 2987 1312 3067 studium

162 3101 378 3210 flagitaret;
406 3104 503 3183 dum
522 3104 720 3209 Majestati
740 3103 871 3182 vestrae
891 3101 1031 3208 injecta
1056 3099 1157 3180 forte
1180 3100 1311 3206 aliqua

161 3214 325 3325 suspicio
345 3215 414 3308 est,
432 3215 515 3295 sore
536 3233 580 3295 ut
599 3216 646 3298 ab
661 3217 773 3322 Rege
787 3214 928 3295 Sueciae
939 3215 1222 3294 detrimentum
1239 3210 1312 3290 ali·

123 3325 125 3327 ’
162 3328 267 3435 quod
284 3329 443 3408 ditionis
456 3327 586 3407 vestra
604 3329 853 3408 commerciis
868 3325 1074 3420 afferatur;
1096 3323 1311 3433 suspicante

164 3439 330 3518 viciffim
351 3440 548 3519 Suecorum
568 3443 696 3549 Rege,
720 3467 769 3518 ne
791 3469 860 3549 per
875 3466 943 3518 vos
962 3456 1001 3518 et
1020 3436 1185 3529 bellum,
1206 3433 1314 3544 quod

163 3577 268 3629 nunc
288 3550 403 3657 gerit,
424 3551 637 3646 difficilius,
658 3572 698 3631 et
716 3550 1069 3632 contrahendarum
1085 3547 1315 3627 societatum

163 3663 263 3742 ratio
283 3662 511 3771 impeditior
527 3662 596 3742 srbi
613 3663 809 3744 reddatur.
869 3663 966 3742 Non
982 3661 1151 3771 praeterit
1166 3657 1315 3765 Majes·

162 3792 285 3855 tatem
305 3775 486 3870 vestram,
504 3803 575 3884 pro
596 3803 641 3855 ea
661 3776 814 3855 summa
833 3773 1040 3884 prudentia
1054 3799 1175 3880 quam
1196 3771 1313 3852 adhi-

163 3887 255 3966 bere
276 3886 351 3967 suis
364 3887 547 3967 omnibus
564 3888 605 3965 in
624 3888 736 3967 rebus
749 3886 857 3980 solet,
871 3904 1064 3995 quantum
1079 3882 1316 3964 discriminis

165 3999 454 4106 Protgstantium
470 3998 630 4079 summae
649 4001 705 4079 rei
724 3999 940 4109 impendat,
957 3997 984 4076 fi
1004 3994 1222 4077 istiusmodi
1237 3994 1318 4074 sus-

164 4109 338 4218 piciones
359 4111 545 4190 intervos
564 4109 865 4205 diuversentur;
887 4127 1034 4218 quanto
1055 4109 1195 4217 magis,
1208 4106 1317 4216 quod

165 4223 276 4302 Deus
296 4240 457 4313 avertet,
471 4223 605 4330 fiquod
622 4220 845 4303 hostilitatis
864 4220 1058 4302 indicium
1073 4237 1315 4329 erumperet.

164 4334 382 4442 Utcunque
409 4333 493 4415 haec
528 4333 563 4413 se
588 4332 772 4428 habeant,
801 4361 886 4429 nos,
911 4331 1252 4440 quemadmodum
1277 4350 1318 4410 et

164 4446 361 4527 Suecorum
376 4448 547 4554 Regem,
561 4466 601 4527 et
610 4444 806 4527 Faederati
812 4444 938 4553 Belgii
947 4444 1105 4525 Ordines
1116 4444 1164 4525 ad
1178 4470 1319 4554 pacem
