2956 4980
159 274 244 350 4¹0
475 227 689 363 Epistolae
716 226 998 326 Familiares.

157 433 237 486 non
255 406 335 499 est;
365 425 483 515 atque
509 405 577 484 ille
602 433 739 484 rumor
761 404 867 513 apud
893 405 1053 499 vestros,
1077 422 1124 483 ut
1141 403 1312 498 videtur,

158 515 356 611 homines,
377 519 406 597 fi
424 546 476 597 ex
495 545 543 596 eo
561 517 670 624 quod
687 516 737 595 de
755 516 876 596 salute
895 544 986 596 mee
1010 516 1157 597 soliciti
1180 517 1314 610 effent‚

159 629 370 723 increbuit,
388 656 467 709 non
481 628 683 737 displicet;
708 628 903 707 indicium
921 628 1032 708 enim
1052 628 1126 708 suae
1142 655 1240 736 erga
1254 657 1317 707 me

160 739 441 821 benevolentiae
464 739 576 820 fuisse
595 740 793 819 existimo.
853 740 929 819 Sed
949 740 1033 820 Dei
1053 740 1317 847 benignitate,

161 855 232 962 qui
253 873 386 932 tutum
405 851 507 932 mihi
526 872 731 961 receptum
751 853 792 929 in
810 854 914 958 agris
932 874 1145 961 paraverat,
1167 871 1209 932 et
1229 854 1318 931 vivo

161 963 292 1044 adhuc
311 983 351 1044 et
368 964 501 1057 valeo;
524 965 678 1043 utinam
693 990 742 1042 ne
754 964 919 1057 inutilis,
933 965 1126 1073 quicquid
1140 965 1317 1042 muneris

161 1078 202 1154 in
222 1074 297 1155 hac
316 1076 397 1155 vita
416 1076 530 1155 restat
546 1075 649 1153 mihi
667 1074 952 1183 peragendum.
1011 1075 1110 1154 Tibi
1122 1103 1221 1154 vero
1234 1096 1316 1154 tam

160 1189 281 1295 longo
301 1187 506 1266 intervallo
526 1186 668 1271 veniffe
692 1188 733 1265 in
760 1208 937 1266 mentem
959 1188 1056 1280 mei,
1083 1208 1319 1296 pergratum

160 1299 240 1394 est;
268 1326 511 1407 quanquam,
537 1317 656 1408 prout
685 1326 769 1377 rem
792 1299 921 1377 verbis
941 1325 1121 1392 exornas,
1142 1300 1317 1406 praebere

159 1412 336 1519 aliquam
357 1410 611 1519 suspitionem
634 1410 791 1504 videris,
818 1410 992 1490 oblitum
1015 1410 1097 1488 mei
1122 1429 1162 1490 te
1183 1412 1318 1520 potius

160 1522 250 1617 effe,
270 1525 341 1631 qui
360 1542 419 1602 tot
438 1523 632 1602 virtutum
650 1521 889 1602 diversarum
907 1522 1141 1650 conjugium
1166 1524 1211 1602 in
1234 1551 1316 1616 me,

160 1653 205 1715 ut
224 1634 371 1729 scribis,
387 1634 592 1714 admirere.
651 1636 741 1741 Ego
760 1654 865 1713 certe
882 1662 934 1712 ex
952 1652 1011 1713 tot
1025 1633 1222 1742 conjugiis
1241 1663 1317 1714 nu-

160 1747 412 1827 memsam
373 1748 492 1826 minis
509 1746 665 1854 prolem
685 1746 997 1855 expavescerem,
1025 1745 1096 1824 nifi
1119 1746 1317 1827 constaret

159 1858 203 1936 in
222 1888 263 1937 re
279 1862 397 1951 arcta,
409 1857 600 1965 rebusque
615 1859 735 1952 duris,
757 1859 919 1937 virtutes
937 1856 990 1936 ali
1006 1859 1184 1937 maxime
1199 1878 1241 1938 et
1256 1861 1316 1938 vi-

161 1997 278 2076 gere:
314 1968 465 2049 tametfi
495 1997 632 2049 earum
660 1997 736 2048 una
763 1971 919 2048 nonita
948 1969 1051 2048 belle
1077 1968 1316 2051 charitatem

158 2079 321 2190 hospitii
341 2080 444 2159 mihi
463 2080 654 2159 reddidit:
680 2083 928 2188 quamenim
947 2081 1159 2161 Politicam
1178 2103 1222 2160 tu
1241 2112 1315 2164 vo-

160 2220 239 2288 cas,
254 2220 330 2299 ego
347 2194 540 2272 Pietatem
557 2193 598 2270 in
615 2193 787 2273 Patriam
804 2193 950 2272 dietam
973 2192 1041 2272 abs
1065 2213 1104 2273 te
1132 2193 1315 2288 mallem,

160 2334 206 2385 ea
226 2334 291 2385 me
310 2303 478 2415 pulchro
491 2307 651 2384 nomine
667 2305 878 2384 delinitum
891 2332 1028 2414 prope,
1041 2324 1086 2384 ut
1098 2306 1153 2385 ita
1165 2307 1315 2401 dicam,

162 2419 409 2526 expatriavit.
470 2417 731 2525 Reliquarum
762 2436 895 2496 tamen
924 2415 1068 2497 chorus
1091 2415 1196 2496 clare
1220 2448 1317 2499 con-

160 2530 272 2608 cinit.
333 2530 462 2608 Patria
481 2529 551 2622 est,
567 2529 792 2637 ubicunque
809 2528 863 2608 est
877 2527 991 2607 bene.
1052 2530 1196 2608 Finem
1217 2530 1317 2612 faci-

162 2669 242 2733 am,
259 2640 287 2719 fi
306 2638 384 2718 hoc
403 2642 511 2748 prius
527 2639 593 2720 abs
613 2660 651 2720 te
672 2643 948 2749 impetravero,
965 2661 1023 2733 ut,
1037 2641 1063 2718 fi
1079 2643 1178 2749 quid
1199 2671 1315 2722 men-

160 2752 251 2832 dose
271 2752 511 2860 descriptum
531 2770 696 2832 autnon
720 2755 1013 2861 interpunclum
1041 2757 1248 2861 repereris,
1276 2756 1316 2835 id

161 2893 300 2974 puem,
320 2865 391 2973 qui
412 2863 492 2944 haec
512 2867 683 2973 excepit,
706 2865 846 2945 Latine
865 2866 1017 2974 prorsus
1037 2864 1224 2946 nescienti
1244 2897 1315 2946 ve-

162 2976 209 3056 lis
230 2979 449 3085 imputare;
481 2976 546 3056 cui
575 2977 742 3084 fingulas
770 2978 885 3086 plane
903 2977 1095 3056 Literulas
1115 3007 1313 3059 annume-

160 3116 243 3168 rare
262 3116 340 3168 non
361 3089 438 3168 fine
458 3088 611 3168 miseria
631 3088 779 3169 distans
799 3091 979 3196 cogebar.
1039 3090 1130 3168 Tua
1150 3092 1314 3172 interim

162 3201 251 3279 Viri
281 3204 444 3296 merita,
470 3230 592 3309 quem
623 3227 698 3307 ego
728 3201 1011 3281 adolescentem
1042 3200 1122 3309 spei
1154 3207 1315 3284 eximiae

161 3313 346 3420 cognovi,
371 3314 418 3393 ad
444 3333 525 3393 tam
548 3311 795 3393 honestum
784 3342 825 3393 1n
854 3313 1046 3423 Principis
1070 3317 1196 3421 gratia
1221 3345 1315 3446 pro·

96 3484 99 3491 «
160 3424 303 3503 vexisse
325 3445 362 3504 te
382 3425 530 3519 locum,
551 3428 718 3532 gaudeo,
744 3447 957 3536 caeteraque
977 3424 1099 3506 fausta
1118 3431 1255 3509 omnia
1276 3448 1315 3508 et

161 3538 280 3645 cupio
302 3536 388 3628 tibi,
410 3556 448 3615 et
470 3537 592 3644 spem.
652 3538 765 3616 Vale.

246 3646 420 3740 Londini,
438 3649 545 3755 Aug.
567 3675 629 3754 15·
654 3650 773 3729 1666.
