2956 4980
167 213 243 293 126
564 198 690 292 Artis
716 184 912 328 Logicae'
1112 194 1283 292 Lib.2.

158 374 211 453 ni.
274 373 364 501 Qi
318 389 512 450 uautem
532 399 583 450 ex
609 372 754 451 amoris
773 370 1023 452 vehementia
1041 372 1092 451 fic
1112 371 1315 451 existima-

158 486 286 579 bit,e
253 513 335 592 ejus
348 484 548 590 judicium
569 511 646 562 non
667 486 742 562 erit
763 483 935 578 scientia,
957 483 1021 563 sed
1040 486 1192 613 opinio.

217 600 277 676 Ut
297 617 431 676 autem
445 595 622 701 judicare
643 596 844 704 pollimus,
859 625 945 705 quae
964 598 1161 676 connexio
1182 595 1229 675 fit
1248 595 1315 674 ab·

159 707 282 789 solute
302 738 406 802 vera,
422 737 508 816 quae
528 736 620 801 non,
637 708 841 813 spectanda
860 728 1092 816 argumenta
1113 708 1215 802 sunt,
1232 735 1315 816 quae

160 823 201 901 in
225 823 421 902 axiomate
449 825 749 912 connectuntur,
774 821 1015 901 consentiant
1045 822 1148 901 inter
1180 819 1217 900 se
1243 848 1314 899 nec

76 1011 81 1021 ,
161 964 224 1029 ne,
245 953 284 1013 et
304 962 383 1041 quo
404 934 537 1011 modo.
598 934 658 1011 Ut
670 934 714 1036 st
732 932 807 1012 dies
826 933 887 1042 est,
908 935 976 1014 lux
995 932 1057 1040 est,
1085 960 1314 1015 connexum

160 1049 216 1128 est
232 1044 499 1138 necessarium,
513 1045 606 1152 quia
622 1047 704 1124 dies
720 1048 796 1125 five
811 1046 866 1125 sol
880 1067 987 1126 ortus
1004 1046 1060 1126 est
1075 1046 1188 1125 causa
1203 1044 1313 1125 lucis.

162 1160 208 1239 Si
230 1159 305 1238 dies
329 1157 391 1266 est,
419 1157 497 1236 Dio
525 1157 705 1251 ambulat,
737 1186 963 1238 connexum
990 1158 1046 1238 est
1077 1156 1220 1237 falsum
1251 1174 1317 1235 aut

160 1272 415 1377 contingens;
446 1270 539 1377 quia
560 1271 666 1349 nulla
690 1271 746 1350 est
773 1271 930 1352 affectio
956 1268 1131 1350 absolute
1155 1269 1315 1349 consen·

163 1403 272 1463 tanea
293 1386 393 1461 inter
413 1382 521 1462 diem
541 1402 580 1460 et
600 1383 771 1463 Dionem.

219 1501 386 1576 Connexo
401 1495 577 1574 axiomati
574 1495 713 1684 'loaffims
731 1495 778 1604 est
797 1493 865 1603 isto
884 1493 1141 1603 coofiquentiae
1156 1491 1313 1573 relatio:

163 1637 250 1716 quae
268 1637 289 1687 a
270 1605 521 1701 nonnullis,
538 1607 670 1687 relatio
686 1608 806 1716 consae
819 1608 987 1700 dicitur;
1018 1626 1058 1685 et
1077 1607 1238 1685 axioma
1258 1603 1315 1684 ef-

163 1721 246 1801 ficit
249 1720 378 1828 ,quod
394 1719 512 1798 Stoici
523 1720 653 1823 caufizl
648 1751 666 1801 e
682 1721 911 1813 nominant;
933 1719 1098 1799 Loi'rt
1087 1747 1129 1796 1n
1143 1723 1314 1797 Zenone:

162 1836 254 1940 quia
269 1859 411 1940 nempe
425 1832 654 1911 antecedens
667 1831 838 1912 estcausa
850 1782 1135 1970 coissequentis,
1142 1828 1316 1938 adeoque

163 1943 414 2024 vinculum
382 1972 463 2047 ejus
480 1944 704 2048 conjundiio
723 1942 939 2024 causalis
897 1974 993 2038 cum,
1007 1944 1109 2083 quia,
1149 1943 1314 2032 uoniam:

163 2058 306 2166 quibus
333 2055 538 2182 respondet
562 2055 635 2136 ideo
655 2057 718 2136 vel
744 2057 882 2136 elmon:
913 2076 972 2150 ut,
996 2086 1078 2137 cum
1097 1973 1312 2135 'fillius
1260 2053 1316 2159 stt

162 2187 304 2262 orator,
320 2168 368 2277 est
387 2187 497 2248 ettam
510 2170 763 2277 peritus&
676 2169 763 2249 beni
781 2168 934 2249 dicendi
985 2171 1229 2276 Qanquam
1248 2195 1317 2246 au·

165 2301 246 2361 tem
266 2281 385 2360 relata
406 2280 475 2359 ista
494 2283 682 2361 connexis
702 2282 832 2361 affinia
848 2281 949 2373 sunt,
965 2308 1043 2360 non
1060 2277 1161 2358 nihil
1183 2300 1315 2359 tamen

163 2395 407 2502 discrepant:
450 2395 490 2471 in
524 2395 776 2474 antecedente
803 2395 912 2473 enim
939 2394 1110 2474 connexi
1138 2393 1319 2499 quaedam

163 2507 337 2585 conditio
366 2506 435 2598 est,
456 2506 497 2583 in
523 2504 599 2585 hoc
626 2508 746 2586 relato
773 2506 905 2585 nulla:
937 2533 1163 2586 connexum
1192 2502 1319 2615 potest

164 2647 214 2697 ex
232 2617 333 2696 falfis
361 2617 535 2724 partibus
557 2647 695 2698 verum
723 2618 811 2713 elle,
833 2618 1000 2697 relatum
1027 2615 1103 2697 hoc
1129 2617 1206 2697 five
1226 2644 1320 2695 cau·

165 2730 239 2809 sale
271 2758 349 2808 non
379 2731 505 2837 potest
535 2730 608 2808 effe
635 2760 788 2824 verum,
817 2731 886 2809 nifi
919 2730 1150 2809 antecedens
1177 2756 1319 2808 verum

165 2843 307 2922 fuerit:
340 2860 397 2935 ut,
418 2841 506 2949 quia
524 2841 598 2922 dz'es
616 2843 750 2951 est,sol
764 2842 943 2952 estfitpra
961 2843 1203 2922 horizontem.

220 2955 363 3034 Affinis
389 2954 445 3032 est
467 2975 506 3034 et
532 2954 669 3034 relatio
697 2956 885 3064 temporis
908 2955 1096 3036 axiomati
1121 2980 1320 3044 connexo,

168 3087 212 3146 ut
231 3070 285 3147 ait
307 3067 845 3176 ipseRamus,1nfra,c13

225 3181 382 3259 Relatio
402 3199 535 3258 autem
554 3181 759 3287 temporis
763 3179 832 3259 has
851 3178 970 3259 habet
990 3197 1114 3272 notas,
1127 3196 1210 3258 tum
1224 3207 1323 3272 cum,

167 3291 274 3371 donec
293 3290 392 3384 dnm,
413 3290 575 3400 quandiu
593 3293 751 3372 tandm:
783 3312 827 3371 ut
846 3293 951 3400 apud
974 3290 1121 3372 Ovios
1110 3319 1152 3370 111
1172 3290 1290 3400 epist.

283 3437 376 3519 Ctim
398 3441 516 3519 Poris
537 3442 679 3520 Oenone
690 3441 832 3549 poterit
837 3440 993 3549 spirare
1012 3440 1145 3521 relieia

279 3551 351 3630 Ad
350 3553 498 3659 fontem
519 3555 671 3633 Xanthi
685 3552 794 3660 versa
814 3573 984 3632 recurret
1003 3582 1115 3662 aqua.

169 3706 247 3798 Sic,
268 3705 398 3783 Donec
414 3704 612 3812 erisfelix,
632 3706 764 3784 multos
781 3702 990 3784 numerabis
1008 3704 1152 3783 amicos.

226 3853 357 3931 Potest
388 3855 506 3933 etiam
538 3882 764 3932 connexum
795 3854 989 3931 enuntiari
1019 3853 1097 3932 fine
1132 3851 1215 3932 ulla
1243 3881 1326 3933 non

168 3964 289 4045 modo
309 3966 505 4044 relationis
525 3962 664 4045 verum
689 3968 808 4044 etiam
836 3966 1092 4044 connexionis
1112 3983 1231 4045 nota:
1266 3987 1324 4060 ut,

161 4077 281 4187 postte
296 4076 420 4181 catoso,
435 4079 591 4186 ponitur
604 4079 784 4186 effoetum.
817 4079 898 4157 Fac
917 4078 994 4171 hoc,
1010 4093 1047 4157 et
1064 4077 1186 4156 vnioes.
1222 4077 1330 4158 ovid

168 4192 206 4271 in
225 4190 311 4298 opst
324 4222 337 4266 .·
354 4188 584 4295 somefidem
597 4209 633 4270 et
645 4190 966 4298 pharetrnmfies
977 4189 1191 4298 manfistus
1204 4191 1323 4299 Apol·

166 4306 211 4384 lo.
273 4303 576 4410 Nonnunquam
602 4306 721 4382 etiam
748 4303 867 4381 duob.
895 4303 1110 4409 negativis:
1144 4303 1228 4383 Cic.
1250 4330 1321 4412 pro

166 4417 335 4497 Milone:
366 4444 434 4493 non
446 4417 511 4494 hoc
516 4415 669 4522 fragile
680 4433 811 4523 corpus
821 4415 1018 4495 humanum
1029 4432 1147 4494 mente
1157 4415 1321 4522 regitur,

163 4550 200 4611 et
218 4559 288 4610 non
304 4527 454 4636 regitur
472 4546 589 4607 mente
608 4528 819 4634 unimerstom
837 4527 966 4608 mundi
981 4544 1127 4637 corpus.
