2956 4980
159 253 237 336 322
383 214 547 311 Literae
573 211 769 311 Oliverii
794 210 1088 309 Protedoris‘.

151 389 333 495 jestatem
346 391 511 471 vestram
525 391 635 483 colit,
652 391 784 469 venire
800 390 842 468 in
856 388 1111 496 conspectum
1122 386 1314 479 vestrum,

161 503 411 609 Regiamque
424 530 587 582 manum
599 502 761 582 osculari
772 503 1015 610 cupientem,
1026 499 1181 580 tametfi
1193 526 1317 608 prop-

162 633 220 694 ter
253 615 576 695 consuetudinem
607 615 688 721 ejus
713 613 1035 720 jucundissimam
1068 612 1217 692 invitus
1251 610 1316 689 di-

161 728 293 820 mitto,
316 747 447 807 tamen
471 725 578 807 cirm
589 754 668 805 non
696 726 876 805 dubitem
900 727 999 833 quin
1023 723 1071 804 ab
1101 723 1192 804 aula
1217 722 1318 802 tanti

164 841 348 947 Regis,
337 867 378 918 rn
410 841 488 948 qua
520 858 578 918 tot
610 840 685 917 viri
719 838 1005 947 prudentiffimi
1036 835 1317 943 fortiffimique

164 951 377 1043 versantur,
403 951 530 1031 multo
555 950 776 1029 instructior
806 950 855 1029 ad
887 977 947 1030 res
975 947 1147 1058 quasque
1180 949 1318 1028 lauda-

164 1063 339 1156 tiffimas,
356 1081 396 1142 et
413 1064 520 1171 quasi
535 1063 826 1142 consummatus
842 1062 890 1141 ad
909 1089 980 1141 nos
999 1062 1109 1140 brevi
1124 1060 1172 1139 srt
1186 1087 1318 1140 rever·

164 1175 286 1267 surus,
307 1174 569 1255 obsrstendum
589 1174 720 1254 esse
687 1203 769 1281 ejus
793 1176 926 1253 animo
950 1201 995 1253 ac
1019 1173 1214 1252 voluntati
1237 1198 1317 1250 non

165 1285 250 1366 sum
270 1287 489 1366 arbitratus
537 1290 591 1367 Et
608 1313 835 1396 quanquam
856 1287 888 1365 is
907 1284 977 1380 est,
998 1285 1068 1364 nifi
1088 1311 1166 1391 ego
1186 1282 1316 1375 sallor,

163 1400 234 1506 qui
254 1427 323 1508 per
343 1397 380 1479 se
399 1398 487 1479 satis
506 1399 820 1492 commendatus,
840 1424 1079 1538 quocunque
1104 1395 1317 1489 accesserit,
1359 1445 1361 1450 -

164 1512 287 1591 videri
303 1511 431 1620 poffit,
453 1530 598 1591 tamen
604 1512 631 1591 fi
651 1510 687 1590 se
708 1511 797 1590 mea
819 1510 945 1616 gratia
964 1508 1166 1613 Majestati
1184 1507 1319 1587 vestre

165 1623 365 1730 aliquanto
379 1624 758 1703 commendatiorem
776 1621 888 1702 fuisse
907 1620 1075 1714 senserit,
1093 1620 1238 1701 eodem
1254 1644 1319 1699 me

165 1762 325 1844 quoque
346 1733 536 1815 beneficio
554 1735 742 1815 affectum
762 1753 879 1841 atque
898 1734 1128 1813 devindium
1152 1731 1320 1811 arbitra-

166 1847 250 1926 bor.
286 1849 397 1930 Deus
411 1847 659 1953 Majestatem
670 1846 838 1926 vestram
853 1846 1111 1938 incolumem,
1124 1844 1321 1923 nostram·

166 1986 244 2066 que
257 1958 474 2038 amicitiam
488 1958 747 2039 firmiffimam
763 1959 970 2039 communi
982 1957 1088 2039 orbis
1102 1954 1320 2036 Christiani

166 2069 270 2150 bono
289 2096 410 2178 quam
429 2069 641 2151 diutiffime
661 2071 874 2154 conservet.

224 2195 282 2272 W
275 2193 531 2301 ssmonasterio
549 2222 595 2272 ex
614 2196 722 2274 Aula
740 2193 875 2303 nostra.

336 2305 443 2385 Maii
456 2304 527 2400 die,
546 2336 610 2386 an.
637 2306 757 2414 1658.

184 2674 384 2757 Oliverius
401 2679 601 2758 Proteblor
616 2679 724 2787 Retia.
739 2679 866 2786 Angl
848 2709 908 2773 rae,
923 2678 1001 2761 &c
1026 2677 1309 2786 Eminentfflmo

426 2790 586 2870 Domino
608 2789 810 2895 Cardmali
778 2792 1049 2871 lMazarino.

254 2951 569 3030 Eminentiffime
590 2953 792 3049 Domine;

262 3076 346 3153 Um
374 3077 540 3156 Thomam
559 3078 850 3156 Vicecomitem
875 3076 1176 3184 Falconbrigium
1200 3106 1324 3186 gene·

290 3216 379 3266 rum
400 3217 536 3267 meum
557 3189 868 3296 proficiscentem
892 3192 933 3268 in
960 3190 1124 3270 Galliam
1147 3192 1323 3271 Serenis·

170 3299 267 3377 srmo
288 3301 394 3407 Regi
414 3302 790 3395 commendaverim,
811 3329 889 3380 non
906 3303 1019 3410 potui
1035 3304 1132 3411 quin
1148 3330 1194 3381 ea
1209 3305 1260 3383 de
1282 3334 1323 3384 re

170 3411 441 3491 Eminentiam
473 3412 640 3492 vestram
673 3415 881 3493 certiorem
914 3413 1100 3508 facerem,
1136 3442 1210 3493 nec
1242 3443 1324 3496 non

170 3521 280 3600 vobis
315 3523 434 3602 etiam
467 3526 637 3604 eundem
667 3525 1015 3605 commendarem:
1054 3525 1093 3603 id
1125 3546 1323 3632 quantum

170 3633 351 3742 ponderis
372 3654 489 3743 atque
508 3658 701 3716 momenti
691 3637 764 3715 ad
780 3637 1019 3746 superiorem
1034 3664 1192 3747 quoque
1207 3666 1324 3717 com-

171 3746 464 3825 mendationem
479 3746 691 3827 allaturum
707 3750 752 3828 fit
764 3776 841 3827 non
855 3747 1018 3828 nescius
1062 3753 1199 3860 Qem
1215 3748 1325 3830 certe

172 3856 344 3937 fruaum
371 3862 693 3940 commorationis
713 3860 815 3969 apud
836 3889 904 3940 vos
928 3858 1014 3954 suae,
1036 3859 1160 3970 sperat
1186 3881 1326 3942 autem

170 3994 251 4046 non
270 3973 511 4051 mediocrem
525 3972 632 4053 hunc
644 3973 742 4065 sore
756 3992 1010 4082 percepturus
1022 3972 1130 4066 est
1109 3973 1191 4079 ejus
1207 4002 1327 4054 max-

171 4079 294 4160 imam
308 4104 460 4190 partem
474 4083 596 4164 favori
608 4085 732 4165 vestro
744 4112 788 4163 ac
802 4085 1080 4164 benevolentia
1089 4111 1167 4164 non
1177 4088 1329 4193 poterit

172 4219 251 4272 non
274 4195 440 4290 debere;
471 4225 532 4301 cuj
537 4225 581 4277 us
517 4226 723 4306 jprope
743 4196 819 4275 sola
839 4224 949 4277 mens
971 4224 1016 4276 ac
1038 4197 1243 4303 vigilantia
1262 4227 1326 4280 res

170 4324 294 4388 tantas
319 4336 366 4386 eo
390 4308 431 4386 in
454 4336 575 4415 regno
600 4309 758 4388 sustinet
782 4336 826 4388 ac
847 4328 990 4389 tuetur.
1052 4309 1324 4419 Qicquid
1288 4342 1327 4393 er

167 4438 327 4526 gratum
358 4421 587 4501 Eminentia
610 4422 732 4502 vestra
756 4417 909 4515 fecerit,
932 4422 972 4500 id
1001 4419 1105 4501 mihi
1128 4421 1261 4505 secisse
1288 4425 1328 4507 se
