2956 4980
187 205 316 334 Cap.
344 247 407 303 12.
513 207 700 306 Plenior
726 207 973 306 Institutio

216 433 312 512 Non
315 432 505 541 sormastes
522 453 621 529 erat,
627 433 704 539 sed
717 453 802 515 erat
805 434 1004 542 fcacuudus
1028 437 1172 547 Ulyffi's.

447 547 502 625 Et
520 546 669 627 AEneid.
694 572 733 626 2.

218 655 304 737 Hic
315 656 496 737 Priamus
510 687 719 769 quanquam
735 659 773 737 iu
791 658 909 739 media
915 657 1003 765 jam
1021 679 1136 741 marte
1155 679 1317 757 tenetur,

277 786 490 850 nontamen
509 770 698 880 abstinuit.

219 943 282 1022 Ut
305 943 468 1025 victoria
493 965 535 1025 et
557 945 727 1025 vietoriae
751 946 915 1054 insignia
942 946 1117 1055 respeCiu
1143 948 1257 1057 Sylla
1279 967 1320 1030 et

156 1056 371 1151 Muraenae,
385 1056 436 1136 fic
455 1055 673 1138 formosum
693 1078 733 1138 et
752 1057 968 1138 facundum
982 1058 1157 1167 respectu
1178 1061 1317 1170 Ulyffls,

158 1167 203 1246 in
233 1167 367 1248 media
394 1188 520 1250 morte
548 1171 672 1250 teneri
698 1198 778 1251 non
802 1190 842 1250 et
870 1170 1059 1251 abstinere
1089 1169 1111 1250 ὲ
1134 1174 1317 1254 convitiis

158 1280 314 1359 ratione
347 1282 510 1376 Priami,
544 1282 692 1362 diversa
726 1281 901 1391 adeoque
940 1282 1174 1364 diffentanea
1214 1284 1315 1366 sunt.

157 1390 293 1472 Paula
308 1391 414 1474 secus
433 1395 475 1473 in
496 1395 705 1476 Eunucho:

219 1554 327 1633 Nam
329 1556 375 1660 st
389 1583 452 1663 ego
470 1555 584 1664 digna
602 1556 674 1635 hac
694 1553 911 1635 contumelia

221 1665 313 1745 Sum
330 1667 512 1747 maxime:
542 1687 585 1748 at
605 1686 649 1747 tu
668 1667 841 1775 indiguus
859 1666 927 1775 qui
926 1666 1084 1773 fiaceres
1103 1685 1238 1748 tamen.

219 1840 296 1920 Sed
327 1839 435 1920 idem
460 1841 516 1920 est
538 1868 583 1920 ac
615 1842 641 1920 fi
673 1841 826 1922 dietum
857 1839 964 1933 effet,
983 1868 1210 1949 quanquam
1240 1869 1316 1949 ego

160 1954 309 2062 digna3
337 1972 471 2033 tamen
492 1973 534 2033 tu
555 1954 741 2061 indignus
764 1954 834 2061 qui
859 1950 960 2031 mihi
984 1951 1086 2031 hanc
1109 1972 1318 2035 contume-

161 2066 262 2146 liam
291 2064 452 2146 faceres.
511 2066 692 2173 Dignam
722 2064 947 2173 sequidem
975 2064 1048 2144 effe
1076 2068 1338 2148 contumelia.

162 2175 281 2258 Thais
295 2178 487 2272 affirmat;
509 2175 708 2258 {Chaerea
720 2195 853 2257 tamen
872 2194 1003 2285 negat.
1036 2178 1123 2256 Cic.
1143 2204 1180 2284 5.
1195 2179 1314 2259 Tusc.

159 2289 504 2399 Qanquamsensu
523 2290 684 2400 corporis
691 2288 933 2393 judicantur,
950 2286 1003 2367 ad
1017 2290 1176 2369 animum
1195 2309 1317 2371 tamea

159 2403 399 2511 referuntur.
441 2404 537 2483 Hoc
556 2403 764 2497 affirmato,
781 2421 971 2509 negatum
987 2400 1223 2509 intelligitur
1238 2432 1317 2482 non

159 2516 212 2595 ad
231 2542 387 2623 corpus,

221 2628 325 2706 Item
344 2627 412 2706 illa
431 2626 652 2706 aliusmodi.
714 2627 791 2705 Pro
811 2624 998 2732 Ligario:
1015 2622 1143 2729 scelus
1160 2645 1204 2706 tu
1224 2627 1321 2708 illud

159 2768 288 2832 uaeas,
315 2734 492 2818 Tubero?
521 2738 625 2820 cur?
654 2740 716 2847 isto
740 2768 778 2818 n.
804 2737 942 2817 nomine
965 2736 1032 2815 illa
1060 2736 1181 2819 adhuc
1204 2741 1317 2846 carisa

160 2852 316 2931 caruit:
346 2852 418 2932 alii
432 2850 524 2930 enim
543 2880 706 2932 errorem
724 2850 927 2959 appellant,
948 2848 1019 2927 alii
1032 2849 1224 2943 timorem‚·
1252 2853 1320 2962 qui

158 2963 306 3058 durius,
309 2962 429 3073 spem,
445 2963 698 3073 cupiditatem,
710 2961 842 3055 odium,
852 2961 1121 3070 pertinaciam·
1142 2964 1209 3072 qui
1218 2993 1316 3072 gra-

159 3075 310 3180 vfflmi,
325 3075 569 3155 temeritatem
582 3075 731 3182 :scelus
741 3091 891 3184 prater
909 3091 946 3152 te
964 3069 1086 3151 adhuc
1104 3102 1216 3153 nemo.
1268 3076 1315 3154 In

159 3185 240 3267 hoc
259 3214 401 3295 genere
422 3190 699 3298 exemplorum
719 3185 868 3294 aliquid
882 3184 1128 3277 conceditur,
1145 3205 1190 3265 ut
1208 3188 1316 3267 aliud

159 3300 339 3379 vicinum
359 3299 474 3410 poffit
493 3301 653 3408 negari:
675 3297 895 3404 cujusmodi
910 3315 949 3376 et
961 3297 1061 3376 illud
1075 3297 1130 3376 est
1142 3330 1152 3393 ;
1174 3302 1314 3381 veritas

159 3413 291 3521 premi
310 3412 450 3521 potest,
469 3414 644 3522 opprimi
664 3439 743 3491 non
763 3409 910 3519 potest;
931 3427 970 3489 et
991 3410 1141 3488 limilia.

218 3526 352 3631 Atque
373 3523 416 3603 hi
436 3525 545 3603 modi
567 3525 730 3633 quidam
751 3521 993 3602 diversorum
1017 3521 1128 3601 sunt:
1160 3522 1201 3599 in
1221 3524 1313 3630 qui·

157 3636 233 3715 bus
252 3636 469 3744 plerunque
488 3638 644 3730 accidit,
671 3654 715 3715 ut
734 3664 819 3744 quae
839 3633 904 3713 sua
923 3653 1060 3713 natura
1079 3634 1167 3713 sunt
1186 3663 1312 3772 oppo-

159 3748 243 3841 fita,
265 3749 413 3828 ratione
434 3769 565 3828 tamen
585 3749 681 3827 certi
704 3747 868 3851 alicujus
886 3744 1045 3852 subjecti
1065 3745 1138 3825 sant
1158 3766 1312 3826 tantum

157 3859 330 3954 diversa;
360 3881 404 3940 ut
427 3861 467 3938 in
492 3860 678 3969 exemplo
699 3859 894 3968 superiore
914 3886 1035 3951 error,
1058 3859 1190 3952 timor,
1212 3858 1310 3968 spes,

157 3971 370 4081 cupiditas,
388 3974 615 4081 pertinacia,
636 3972 772 4052 scelus.
832 3972 896 4049 Sic
916 3999 1070 4063 aurum,
1087 3991 1310 4078 argentum,

159 4111 208 4163 aes
239 4085 414 4193 oppofita
437 4082 537 4179 sunt,
570 4102 614 4164 ut
640 4081 742 4164 infriu
772 4082 962 4190 liquebit:
995 4083 1145 4162 ratione
1179 4102 1310 4163 tamen

159 4195 424 4276 attributionis
445 4193 539 4275 huic
559 4197 621 4275 vel
641 4197 700 4276 illi
720 4195 904 4301 subjecto,
921 4195 991 4302 qui
1012 4224 1137 4274 unum
1158 4196 1220 4274 vel
1240 4196 1310 4274 ali-

159 4334 237 4415 qua
263 4308 407 4388 horum
436 4306 568 4402 habet,
600 4310 768 4389 alterum
798 4307 859 4386 vel
887 4308 1037 4415 reliqua
1067 4335 1144 4386 non
1173 4306 1307 4402 habet,

157 4417 252 4498 clun
273 4418 416 4499 habere
436 4421 549 4500 fimul
570 4421 698 4530 poffit,
719 4419 865 4499 diversa
885 4419 985 4498 sunt.
