2956 4980
266 308 276 328 .
408 231 596 330 Plenior
621 232 873 334 Institutio,
1143 274 1218 355 115

59 404 157 488 ciam
168 437 264 517 quta
275 410 561 517 eJusJudrcrum
575 413 768 493 verissima
780 412 939 492 scientia
951 413 1019 505 est,
1033 432 1076 492 ut
1091 412 1222 520 postea

58 520 230 617 dicetur,
253 542 340 602 tum
359 525 452 632 quia
472 526 566 604 vitia
584 524 778 634 sapientiae
804 527 1000 631 contraria
1021 522 1220 633 prohibet,

59 633 370 741 inaequalitatem
386 637 462 716 five
480 638 837 718 inconvenientiam
850 638 1114 717 antecedentis
1126 632 1221 717 ciam

59 744 325 854 consequente
345 769 383 829 et
405 751 676 857 tautologiam.

119 859 258 953 Dices,
289 861 383 942 duas
414 863 499 942 illas
526 865 674 972 priores
697 861 808 968 leges
835 859 1122 970 comprehendi
1152 859 1220 940 sub

57 967 135 1050 hac
150 973 288 1052 tertia:
315 995 355 1055 et
367 973 444 1054 hoc
457 973 661 1055 fatendum
677 975 841 1083 quidem
855 974 935 1052 est:
963 993 1220 1052 veruntamen

59 1101 106 1162 ut
134 1085 342 1192 trigonum
371 1107 609 1195 tetragonus,
630 1107 669 1167 et
698 1106 947 1193 tetragonum
975 1104 1220 1196 pentagonus

56 1195 381 1305 comprehendit,
403 1229 530 1310 neque
556 1200 703 1280 idcirco
730 1219 861 1278 tamen
881 1199 1069 1285 distincte
1088 1198 1221 1305 figurae

59 1335 144 1388 non
175 1307 290 1406 sunt3
333 1313 388 1391 ita
414 1310 473 1391 hae
502 1313 622 1421 leges,
653 1312 803 1392 etiarnsi
834 1310 1026 1420 posterior
1057 1338 1220 1418 quaeque

56 1422 239 1529 priorem
270 1422 587 1533 comprehendit,
623 1443 732 1505 erant
768 1443 899 1503 tamen
935 1422 1220 1531 perspicuitatis

56 1532 177 1613 causa
196 1535 491 1644 distinguendae.

108 1648 243 1755 Atque
251 1648 456 1755 hujusmodi
462 1650 688 1730 axiomatum
700 1649 756 1728 ita
768 1647 1035 1755 reciprocarum
1035 1643 1221 1751 judicium

57 1757 248 1864 verfima
271 1778 309 1841 et
325 1761 454 1870 prima
466 1762 632 1867 scientia
657 1761 717 1870 est.
781 1761 927 1850 Prima,
952 1759 1046 1867 quia
1072 1760 1220 1866 princi-

58 1870 225 1977 piorum
246 1873 316 1966 est,
329 1903 415 1982 quae
435 1875 560 1982 perse
581 1871 956 1964 indemonstrabilia,
971 1867 1115 1977 susque
1132 1872 1220 1950 luce

60 1982 375 2065 manifestiffima
394 1987 496 2087 sunt,
511 2016 637 2096 neque
655 1984 869 2093 syllogismi
885 2002 952 2061 aut
967 1983 1084 2062 ullius
1103 2011 1221 2089 argu-

60 2097 190 2176 menti
210 2097 385 2179 clarioris
403 2099 533 2179 lucem
548 2101 596 2179 ad
617 2100 820 2178 scientiam
832 2095 1051 2176 faciendam
1072 2094 1221 2176 defide-

59 2226 175 2287 rant:
207 2239 295 2318 quae
312 2211 403 2290 inde
423 2213 615 2293 veriffima
635 2238 794 2320 quoque
814 2209 858 2288 fit
879 2207 1026 2287 necesse
1046 2207 1115 2287 est.

275 2598 401 2679 CAP.
426 2599 499 2679 IV.
533 2601 598 2679 De
618 2598 819 2677 Axiomate
834 2596 1012 2704 stmplici‚

71 2781 250 2902 (39ᾬᾷ
265 2770 367 2884 ‘Tque
385 2777 464 2856 haec
488 2773 531 2854 de
555 2773 767 2855 communib.
796 2771 992 2852 axiomatis
1016 2769 1221 2878 affivdioni.

77 2959 85 2989 ‚
126 2878 248 2981 ‘A
289 2886 359 2966 bus
371 2918 384 2978 ;
402 2887 778 2997 speciesstquuntur.

84 2993 95 3012 “
145 3062 170 3094 ,..
220 3014 253 3058 ¹
347 3001 511 3080 Axioma
529 3000 743 3108 eststmplex
761 3015 830 3076 aut
851 2995 1089 3103 compoſstum.

76 3100 111 3140 '¹
151 3113 171 3145 ⁶
208 3124 236 3143 '
348 3114 412 3191 Sic
446 3114 567 3191 etiam
602 3111 760 3219 Aristot.
795 3110 843 3187 de
877 3109 1079 3214 interpret.
1113 3131 1147 3182 1.
1180 3133 1217 3211 5.

65 3220 203 3327 Vulgo
222 3225 435 3332 proposrtio
456 3223 645 3304 dividitur
672 3225 713 3300 in
742 3221 1003 3327 categoricam
1033 3236 1073 3297 et
1093 3215 1220 3324 hypo-

60 3329 270 3427 theticam,
291 3336 433 3415 eodem
454 3335 575 3414 sensu.
637 3335 712 3413 Sed
738 3334 958 3440 categorica
985 3332 1220 3410 affirmatam

61 3444 255 3525 duntaxat
296 3450 603 3559 propofitionem
643 3447 863 3555 srmplicem
902 3442 1219 3551 comprehendit,

59 3583 149 3663 quae
169 3556 315 3639 scilicet
335 3561 383 3640 de
403 3560 573 3667 subjecto
593 3573 854 3664 κατηγορεῖται,Ι
871 3557 896 3634 i.
911 3586 945 3636 e.
969 3556 1212 3664 praedicatur.

120 3671 450 3781 Axiomaſsmplex
469 3673 530 3781 cst,
551 3672 648 3781 quod
662 3670 773 3751 verbi
788 3671 935 3750 vinculo
955 3668 1177 3749 continetur.

122 3779 233 3862 Cirm
248 3787 358 3863 enim
377 3785 598 3877 vinculum,
620 3804 664 3863 ut
685 3782 988 3891 supradiximus,
1011 3781 1221 3859 axiomatis

65 3888 193 3974 forma
213 3914 252 3974 et
270 3897 378 4005 quasr
397 3899 529 3977 anima
557 3898 615 3990 srt,
637 3895 730 3974 hinc
754 3895 936 3986 efficitur,
958 3894 1220 4000 quemadmo-

64 4004 160 4085 dum
187 4008 272 4087 duae
296 4009 383 4090 sunt
411 4011 556 4118 speeies
580 4009 846 4099 vinculorum,
868 4005 1033 4084 verbum
1061 4025 1100 4082 et
1124 4032 1219 4083 con-

57 4114 227 4220 junsti0,
248 4122 346 4201 illud
374 4123 560 4231 simplicis
588 4121 809 4212 axiomatis,
831 4118 908 4197 hoc
933 4117 1154 4225 composrti,
1177 4135 1221 4194 ut

63 4232 222 4312 axioma
245 4262 405 4343 quoque
432 4263 482 4313 ex
510 4234 582 4312 ista
608 4232 879 4312 distributione
901 4231 1065 4323 vinculi,
1085 4230 1124 4305 in
1146 4256 1219 4335 op·

62 4345 202 4448 pofitas
237 4345 384 4426 formas
421 4347 496 4426 srve
535 4346 680 4454 species
718 4345 928 4423 dividatur.
998 4340 1218 4419 Vinculum

67 4478 201 4540 autem
232 4457 419 4570 simplicis
447 4461 671 4552 axiomatis,
701 4485 777 4536 non
810 4457 938 4536 solum
969 4453 1025 4533 est
1053 4451 1219 4531 verbum
