2956 4980
523 240 648 337 Petri
674 243 816 337 Raml
840 243 964 338 Vita.
1241 254 1311 334 181

148 400 354 519 jungitur,
370 429 415 492 ut
433 411 475 490 in
494 412 665 526 publicis
683 413 826 495 scholis
841 415 1087 525 disciplinam
1109 412 1216 492 suani
1237 412 1316 521 ipse

160 520 415 603 detestaretur
433 543 474 603 et
493 524 673 630 ejuraret.
731 528 770 605 Is
789 528 837 606 ad
860 527 1072 636 superiores
1091 524 1317 605 Academiae

156 634 318 714 ordines
338 634 508 716 secundo
527 656 737 746 provocat:
759 637 823 716 sed
842 634 937 717 clim
949 636 1099 716 vitandi
1120 637 1315 715 tumultus

156 744 287 841 causa,
320 745 465 857 scripto
491 746 529 826 se
555 746 702 842 absens,
731 747 974 842 defenderet,
1003 746 1222 828 adolescens
1246 748 1314 825 ille

140 855 295 960 judex,
311 858 381 937 etsi
399 858 551 938 duabus
570 860 898 969 appellationibus
917 860 1095 966 rejestm,
1116 858 1232 938 tertio
1245 858 1314 962 ju-

160 968 264 1050 dicat
295 997 342 1049 ac
371 969 544 1049 damnat.
605 970 762 1084 Qarto
793 991 978 1081 provocat
1008 974 1177 1051 Ramus:
1219 967 1314 1056 cum

162 1083 451 1188 provocationis
467 1082 575 1161 diem
591 1082 787 1163 accusator
800 1082 1072 1176 antevertisset,
1085 1086 1241 1162 coactus
1258 1082 1314 1161 est
1433 1146 1439 1153 .

162 1192 305 1272 Romus
323 1192 451 1272 subito
470 1193 511 1272 in
531 1193 707 1274 senatum
726 1195 883 1274 venire:
916 1193 980 1274 hic
997 1196 1141 1273 iterum
1155 1194 1314 1275 Caralis

161 1303 423 1411 Lotharingus
441 1305 559 1385 unico
574 1304 746 1414 praefidio
762 1304 863 1386 fuit:
886 1303 1171 1385 accusationem
1185 1305 1312 1411 cujus·

160 1413 253 1494 dam
273 1415 399 1495 audiit
416 1417 682 1524 gravissimam
698 1419 857 1497 Ramum
873 1417 1160 1496 Academicum
1181 1418 1311 1496 nomi-

161 1527 303 1620 nantis,
324 1529 394 1635 qui
413 1530 462 1607 de
482 1525 664 1608 humanis
683 1528 900 1638 divinisque
924 1527 1076 1634 legibus
1099 1528 1311 1623 dubitaret,

161 1638 229 1745 qui
249 1637 423 1720 lubricos
444 1640 502 1718 D.
523 1639 731 1748 Augustini
745 1641 852 1721 locos
871 1640 920 1719 ad
936 1639 1176 1719 effraenatam
1194 1657 1311 1748 atque

160 1749 329 1858 impiam
361 1751 584 1831 libertatem
615 1751 691 1831 suis
721 1751 963 1832 auditoribus
996 1769 1247 1861 proponeret,
1274 1772 1314 1832 et

160 1888 241 1969 quo
267 1860 421 1943 facilius
447 1863 612 1943 incautis
639 1864 780 1944 animis
803 1865 1041 1956 abuteretur,
1071 1890 1208 1942 omnes
1232 1864 1314 1942 Lo-

160 1973 266 2079 gicas
289 1972 569 2084 disputationes
597 1974 764 2055 tolleret.
825 1977 974 2055 Contra
1002 1972 1071 2053 has
1097 1975 1313 2055 calumnias

160 2082 276 2164 facile
303 2084 341 2164 se
368 2083 546 2165 defendit
565 2089 720 2166 Ramus.
780 2087 1001 2166 Decretum
1027 2085 1083 2165 est
1110 2088 1243 2193 itaque
1270 2087 1311 2164 in

160 2194 308 2290 senatu,
324 2197 384 2276 uti
396 2198 540 2277 Ramus
554 2195 815 2307 discipulique
829 2198 911 2304 ejus
923 2198 963 2276 in
975 2197 1185 2306 pristinum
1196 2216 1313 2304 atque

161 2305 363 2414 integrum
395 2309 536 2389 statum
568 2308 873 2389 restituerentur.
944 2308 1030 2416 Ipse
1060 2335 1162 2388 anno
1193 2311 1312 2388 aetatis

161 2419 363 2527 trigefimo
387 2418 494 2500 sexto
525 2416 620 2500 ciim
644 2419 784 2526 Bleffiis
805 2419 964 2500 Carolus
983 2419 1242 2526 Lotharingus
1264 2420 1312 2499 ad

161 2530 370 2612 Henricum
400 2558 536 2639 regem
566 2531 616 2611 de
646 2531 851 2640 disciplina
874 2534 1016 2612 Ramea
1046 2530 1246 2625 retulisset,
1271 2531 1313 2610 in

162 2668 374 2723 numerum
394 2660 510 2751 atque
530 2643 711 2722 ordinem
725 2643 945 2751 Regiorum
959 2640 1224 2723 Profenoium
1243 2672 1314 2753 per

162 2751 292 2833 literas
311 2753 436 2861 regias
457 2752 673 2834 honorifice
693 2754 742 2834 ad
768 2755 804 2833 se
824 2753 996 2863 scriptas,
1018 2755 1074 2833 est
1093 2773 1310 2863 cooptatus.

163 2864 318 2945 Gratias
345 2866 479 2974 itaque
505 2886 546 2944 et
573 2868 658 2974 regi
678 2866 843 2945 Henrico
867 2884 906 2945 et
927 2866 1059 2945 Carolo
1079 2864 1313 2971 Lotharingo

162 2973 320 3084 publicis
340 2977 447 3085 egit3
480 2974 628 3085 fibsque
648 2977 843 3086 persuasit,
865 2976 900 3055 se
921 2975 942 3057 a
963 3003 1053 3083 rege
1071 2977 1111 3054 in
1132 2975 1312 3085 praestan·

163 3088 305 3167 tiffima
318 3090 416 3197 reip.
431 3105 540 3196 parte
558 3088 632 3167 esse
651 3089 913 3183 collocatum;
945 3086 1093 3195 sibique
1113 3086 1209 3167 adeo
1229 3087 1312 3167 dies

162 3224 204 3278 ac
236 3202 370 3279 noces
401 3199 475 3279 esse
507 3199 663 3280 summo
696 3200 824 3279 studio
855 3199 1098 3291 enitendum,
1125 3227 1173 3277 ne
1205 3216 1311 3278 tanto

162 3311 318 3390 muneri
332 3338 376 3390 ac
390 3309 616 3423 professioni
629 3310 860 3420 eloquentiae
874 3310 987 3391 fimul
1003 3329 1043 3389 et
1057 3307 1313 3419 philosophiae

160 3422 327 3503 deesset:
362 3423 465 3502 unde
492 3424 643 3502 animos
665 3422 968 3502 adolescentium
992 3439 1097 3501 tanta
1127 3422 1311 3502 audiendi

161 3553 199 3613 et
218 3534 453 3642 proficiendi
471 3534 687 3642 cupiditate
702 3534 976 3627 inflammavit,
990 3551 1034 3613 ut
1047 3531 1177 3613 schola
1189 3534 1310 3641 regia,

159 3643 255 3723 licet
284 3647 333 3725 ad
365 3644 885 3755 audiendum-amplissima,
918 3645 1153 3753 plerumque
1178 3663 1311 3725 tamen

159 3755 386 3836 auditorum
417 3757 651 3837 concursum
681 3754 1024 3866 frequentiamque
1055 3783 1193 3864 capere
1231 3758 1310 3836 mi-

159 3868 270 3947 nime
289 3870 477 3977 potuerit.
536 3867 858 3948 Adversariorum
880 3867 1138 3976 petulantiam
1158 3865 1311 3947 summa

157 3979 376 4060 constantia
406 3981 498 4061 tulit
528 3999 645 4089 atque
675 3981 863 4088 pervicit;
895 3974 1197 4087 symboli'imque
1228 3980 1310 4089 ejus

157 4088 238 4170 boc
269 4089 361 4186 fuit,
385 4090 490 4171 labor
518 4092 637 4171 omnia
668 4091 802 4171 vincit.
861 4092 980 4170 Anno
1011 4116 1113 4198 1552
1145 4087 1240 4171 clim
1271 4092 1311 4169 in

159 4203 419 4308 Cameracenfi
445 4202 576 4284 schola
599 4201 917 4311 frequentissimis
941 4202 1183 4282 auditoribus
1208 4203 1309 4282 Dia-

158 4314 342 4394 lecticam
362 4313 471 4395 suam
490 4315 764 4425 auspicaretur,
778 4315 880 4394 inter
899 4313 1093 4423 strepitus,
1106 4315 1309 4406 clamores,

158 4425 288 4506 sibilos
309 4425 409 4506 nihil
428 4446 666 4520 commotus,
688 4455 757 4535 per
775 4426 975 4505 intervalla
993 4427 1227 4518 clamorum,
1249 4425 1310 4503 in-
