2956 4980
271 241 434 337 Literae
458 234 652 357 Oliverii
678 239 970 336 Protedtoris.
1124 275 1206 356 299

45 436 260 517 rogamus;
301 413 478 521 adeoque
510 410 711 516 Majestati
742 412 873 493 vestrae
903 433 1021 522 atque
1048 415 1208 524 Imperio

47 523 193 630 Rustico
213 523 338 606 fausta
353 526 489 607 omnia
508 520 530 604 i
550 525 641 603 Deo
664 524 764 632 Opt.
786 525 903 607 Max.
925 554 1148 635 precamur.

137 651 204 728 Ex
224 650 333 729 Aula
351 648 473 758 nostra
494 647 811 756 Wrstmonasterii,

178 758 237 842 die
255 762 389 871 April.
413 763 494 841 An.
513 761 627 841 Dom.
646 761 695 838 16
700 782 768 866 57.

330 873 550 979 Majestatis
570 870 718 950 Vestrae
737 872 1039 955 Studiofiffimus

407 985 600 1066 Oliuerius
619 984 822 1064 protector
842 986 962 1096 Reip.
983 987 1109 1095 Angl.
1130 989 1206 1067 doc.

54 1359 259 1440 Oliverius
282 1359 479 1439 Proteslor
499 1356 607 1466 Reip.
630 1358 799 1468 Angliae,
820 1359 899 1440 &a
928 1359 1146 1466 Serenffmo
1166 1390 1211 1441 ac

114 1470 360 1577 Potentfflmo
399 1469 577 1580 Principi
608 1472 754 1552 Carolo
792 1472 966 1551 Gustavo
998 1472 1211 1566 Suecorum,

117 1585 334 1678 Gothorum,
367 1581 688 1693 Vandalorumque
719 1583 828 1688 Regi,
860 1586 1005 1691 Magno
1037 1584 1216 1694 Principi

116 1695 342 1789 Finlandiae,
356 1694 468 1776 Duci
479 1694 676 1804 Esthoniae,
692 1695 868 1789 Careliae,
883 1698 1045 1791 Bremae,
1065 1698 1106 1776 V
1099 1696 1212 1791 erdae,

117 1807 271 1903 stetini,
294 1808 540 1900 Pomeraniae,
564 1806 748 1916 Caffltbiae
765 1826 802 1887 et
824 1808 1031 1902 Vandaliae,
1053 1809 1131 1890 &a

58 1972 305 2053 Sereniffime
327 1969 595 2050 Potentissime
617 1971 722 2063 Rex,
744 1999 794 2049 ex
812 1972 956 2051 Amice

242 2111 287 2163 ac
308 2082 511 2161 Foederate
532 2079 767 2176 chariffime,

167 2210 208 2289 Ir
224 2206 481 2288 nobiliffimus
496 2206 701 2286 Gulielmus
716 2206 914 2316 Jepsonus,
930 2208 1102 2290 Militum
1123 2205 1214 2289 Tri·

193 2321 326 2414 bunus,
354 2337 392 2398 et
423 2319 663 2400 Parlamenti
688 2319 804 2429 nossri
833 2321 1004 2414 Senator,
1039 2323 1105 2400 cui
1138 2319 1215 2400 hoc

60 2460 208 2513 munus
227 2433 370 2513 honori
385 2433 472 2525 erit,
493 2430 600 2540 qudd
619 2431 819 2538 Majestati
836 2433 981 2512 Vestrae
996 2431 1107 2513 hasce
1124 2433 1214 2514 lite·

62 2574 124 2626 ras
143 2546 267 2640 dabit,
288 2545 498 2625 certiorem
518 2572 605 2623 eam
635 2541 752 2624 faciet
773 2564 918 2652 quanta
942 2573 1036 2624 cum
1060 2566 1216 2656 pertur-

63 2659 222 2739 batione
256 2687 301 2738 ac
335 2658 470 2737 dolore
505 2657 690 2736 nuntium
725 2659 948 2767 accepimus
981 2657 1075 2738 belli
1110 2658 1216 2738 illius

63 2769 209 2851 funesti
239 2771 340 2850 inter
371 2767 608 2877 Majestatem
638 2769 806 2849 vestram
839 2770 1050 2881 Daniaeque
1081 2772 1217 2878 Regem

64 2886 216 2978 coorti3
246 2910 447 2991 quamque
472 2883 584 2962 nobis
613 2881 721 2961 cordi
750 2909 795 2961 ac
825 2881 951 2961 studio
982 2883 1041 2976 fit,
1066 2883 1217 2962 nullam

64 2995 237 3078 nostram
269 3023 431 3105 operam
458 3012 525 3073 aut
552 2993 729 3074 officium
754 2996 1063 3103 praetermittere,
1088 2995 1218 3103 quoad

66 3110 180 3188 Deus
214 3107 442 3188 facultatem
472 3107 647 3200 dederit3
681 3124 725 3184 ut
757 3104 852 3186 huic
888 3108 1086 3214 ingruenti
1112 3107 1218 3188 malo

67 3221 290 3301 remedium
309 3219 469 3329 aliquod
490 3217 643 3299 mature
658 3217 855 3313 afferatur,
871 3247 1001 3327 eaeque
1018 3221 1133 3300 simul
1152 3249 1219 3300 ca·

67 3333 263 3413 lamitates
283 3349 518 3424 avertantur,
534 3359 630 3439 quas
646 3329 782 3409 inferri
797 3359 843 3409 ex
867 3329 944 3410 hoc
960 3332 1065 3412 bello
1084 3334 1219 3441 religi-

67 3447 154 3525 onis
184 3444 304 3525 causae
335 3444 542 3523 communi
573 3443 722 3522 necesse
754 3444 850 3537 erit;
894 3443 970 3523 hoc
1009 3444 1220 3554 praesertim

68 3578 264 3668 tempore,
285 3585 365 3665 quo
385 3553 592 3635 adversarii
608 3555 728 3635 nostri
741 3575 875 3636 contra
891 3556 1116 3637 Orthodoxae
1129 3557 1221 3638 fidei

68 3669 346 3779 professionem
370 3687 410 3747 et
433 3664 661 3775 professores
680 3696 773 3747 cum
797 3669 956 3748 confilia
981 3670 1221 3778 perniciofis-

69 3784 166 3862 fima
192 3801 280 3862 tum
303 3782 403 3860 vires
427 3779 633 3859 ardiffime
663 3781 921 3888 conjungunt.
981 3782 1080 3861 Haec
1103 3802 1221 3891 atque

69 3896 146 3975 alia
167 3885 354 3974 nonnulla
375 3892 580 4002 permagni
594 3892 642 3972 ad
656 3892 857 4000 utriusque
868 3895 996 4000 gentis
1011 3896 1223 3975 commoda

70 4007 316 4115 rationesque
337 4004 513 4114 publicas
534 4006 728 4084 momenti
743 4005 939 4084 adduxere
956 4032 1040 4099 nos,
1057 4025 1100 4084 ut
1114 4005 1223 4089 hunc

69 4121 204 4199 virum
227 4117 514 4200 ornatissimum
541 4117 778 4197 Internuntii
802 4117 1098 4198 extraordinarii
1125 4147 1224 4228 prae-

70 4233 224 4313 dissum
245 4258 409 4311 munere
429 4230 478 4308 ad
498 4228 748 4334 Majestatcm
765 4230 933 4310 vestram
949 4233 1221 4313 mitteremus:

71 4347 209 4453 Qem
234 4345 292 4423 uti
316 4340 444 4423 amice
470 4342 680 4452 recipiatis,
702 4342 831 4449 eique,
854 4343 900 4422 iis
924 4344 965 4421 in
990 4341 1104 4423 rebus
1129 4371 1225 4451 quas

72 4486 168 4538 cum
200 4454 407 4564 Majestate
438 4455 561 4536 vestra
593 4455 722 4535 nostro
758 4457 918 4535 nomine
952 4458 1225 4538 communica·
