2956 4980
160 225 236 331 138
572 216 698 309 Artis
725 215 909 343 Logicae
1109 206 1218 305 Lib.
1238 246 1279 303 2.

157 386 226 465 est.
272 388 351 465 Ex.
372 415 432 494 gr.
452 387 552 467 homo
571 388 620 496 est
637 388 806 469 animal:
829 385 1062 495 Socratesest
1080 387 1208 476 homo,·
1230 412 1316 489 ergo

157 498 330 577 Socrates
347 498 396 606 est
414 500 566 580 ommol.
611 503 721 582 Hinc
741 499 856 580 facile
879 499 1124 609 perspicitur,
1145 498 1173 577 fi
1193 495 1315 603 quaes-

158 613 273 691 tionis
296 613 485 692 terminus
506 612 631 719 major
651 641 727 693 non
744 612 968 722 disponatur
988 614 1029 692 in
1050 610 1314 720 proposrtione

157 723 318 829 majore,
333 727 465 803 minor
485 726 525 802 in
546 727 714 820 minore,
731 724 1001 832 syllogismum
1019 752 1098 802 non
1119 721 1193 801 esse
1214 721 1313 829 legi-

159 836 319 915 timum.
382 836 505 947 Qud
526 836 552 915 s1
572 838 781 944 aliquando
802 835 1005 929 usuvenit,
1022 855 1066 915 ut
1080 836 1312 915 antecedens

159 948 380 1056 quaestionis
400 951 441 1027 in
462 950 724 1059 propositione
752 969 792 1030 et
819 950 1057 1057 consequens
1082 950 1122 1027 in
1143 946 1313 1054 assump-

159 1062 265 1139 tione
283 1060 437 1170 disponi
449 1062 640 1155 videatur,
657 1063 875 1169 intelligere
891 1061 1080 1142 debemus
1097 1057 1312 1168 syllogismi

159 1191 286 1282 partes
309 1174 475 1253 inverti:
499 1191 557 1267 ut,
572 1177 744 1256 Socrates
758 1175 806 1283 est
820 1177 945 1256 homo:
966 1174 1065 1254 bomo
1080 1173 1129 1281 est
1146 1172 1312 1263 onrmol;

157 1313 244 1390 ergo
268 1287 440 1365 Socrates
458 1286 507 1394 est
525 1286 677 1366 animal.

217 1399 402 1505 Sequitur
415 1397 501 1503 jam
520 1397 735 1506 syllogismi
760 1398 948 1508 simplicis
967 1396 1166 1476 distinctio
1187 1396 1228 1473 in
1247 1393 1314 1473 ad-

153 1508 312 1614 junetos
332 1512 486 1604 modos,
507 1513 578 1619 qui
604 1540 654 1591 ex
680 1513 869 1622 partium,
891 1513 917 1588 i.
933 1538 966 1590 e.
988 1511 1237 1589 axiomatum
1255 1503 1312 1585 as-

161 1620 331 1701 fe&ione
350 1624 544 1702 oriuntur.

220 1734 450 1843 Syllogffmus
466 1734 627 1843 stmplex
657 1734 705 1842 est
733 1733 942 1841 affirmatus
972 1729 1162 1841 epartib.
1184 1730 1313 1813 omnib.

160 1845 372 1952 affirmatis.
430 1850 607 1953 Negotus
631 1877 677 1926 ex
698 1865 835 1953 negato
862 1843 1108 1926 antecedentis
1125 1860 1243 1951 porte
1261 1843 1316 1923 al·

161 1975 246 2036 tera
269 1987 351 2038 cum
375 1959 623 2068 complexione.
684 1960 781 2039 Non
813 1988 864 2038 ex
894 1957 1046 2038 omnib.
1076 1958 1244 2063 negatis,
1274 1974 1317 2034 ut

163 2069 377 2150 affirmatus
391 2100 440 2149 ex
453 2071 636 2151 omnibus
652 2072 871 2165 affirmatis;
894 2070 962 2149 nisi
978 2071 1086 2148 enim
1102 2095 1316 2175 argumen-

166 2201 252 2262 tum
280 2184 442 2262 tertium
463 2212 554 2263 cum
580 2184 699 2262 altera
719 2203 827 2292 parte
848 2181 1067 2292 quaestionis
1086 2182 1316 2274 consentiat,

163 2292 265 2373 nihil
286 2294 438 2405 probat.

220 2409 280 2487 Ut
314 2427 448 2487 autem
479 2406 794 2514 syllogismorum
832 2424 911 2486 tota
943 2404 1040 2483 ratio
1073 2403 1318 2511 intelligatur

166 2520 289 2627 (quod
321 2518 397 2598 hoc
429 2520 517 2598 loco
548 2519 631 2597 sieri
663 2515 976 2599 commodissime
1004 2514 1107 2624 posse
1132 2515 1316 2623 arbitror)

163 2630 365 2710 sciendum
391 2631 447 2709 est
470 2660 559 2710 eam
584 2630 701 2710 duab.
734 2628 926 2740 praecipue
954 2629 1108 2736 legibus
1135 2628 1316 2723 fundari;

164 2743 283 2822 altera
303 2745 473 2853 parium,
486 2745 604 2822 altera
620 2746 773 2851 generis
789 2773 839 2822 ex
858 2744 945 2822 loco
963 2742 1099 2850 petita.
1160 2744 1227 2821 Ex
1248 2768 1316 2851 pa-

165 2857 270 2935 rium
290 2857 401 2951 loco;
432 2885 515 2965 qnae
534 2856 754 2936 conveniunt
781 2855 819 2935 in
846 2884 916 2935 nno
938 2854 1059 2962 olt'quo
1085 2854 1214 2947 tertio,
1234 2882 1319 2934 con-

164 2968 318 3048 veniunt
338 2969 437 3047 inter
440 2969 515 3073 se;
545 2986 582 3047 et
600 2967 747 3061 contro,
767 2997 850 3076 quae
868 2996 938 3047 non
958 2967 995 3047 in
1015 2995 1083 3046 uno
1101 2966 1229 3059 tertio,
1249 2994 1318 3047 non

165 3080 264 3160 inter
269 3081 328 3186 se
372 3083 435 3160 Ex
453 3082 539 3159 loco
559 3082 735 3188 generis;
757 3078 854 3189 quod
864 3079 998 3186 generi
1008 3077 1240 3185 generaliter
1257 3095 1317 3159 ot·

165 3191 366 3286 tribuitur,
380 3192 421 3272 id
437 3191 566 3272 omnib.
584 3194 694 3272 etiam
708 3191 939 3272 attribuitur
943 3189 1135 3299 speciebus
1153 3219 1239 3300 quae
1242 3188 1319 3297 sub

165 3333 202 3382 eo
218 3334 351 3410 genere
366 3305 612 3384 continentur.
654 3307 752 3385 Haec
769 3305 903 3410 regula
919 3322 1080 3383 vocatur
1099 3303 1141 3381 in
1161 3301 1316 3395 scholis,

166 3415 303 3496 dierum
328 3415 371 3494 de
400 3418 497 3496 omni
519 3436 555 3496 et
582 3418 693 3497 nullo.
748 3417 822 3494 Illa
847 3413 1113 3494 laGeometris
1140 3406 1319 3524 primiim

167 3527 274 3607 sensu
309 3549 502 3637 praeeunte
536 3527 689 3608 facilius
719 3530 875 3607 inventa
908 3528 986 3622 est;
1022 3545 1061 3605 et
1095 3528 1320 3637 praecipitur

167 3640 325 3748 Arssot.
347 3666 381 3717 1.
405 3641 530 3719 Prior.
553 3669 588 3719 c.
611 3670 643 3719 1.
677 3641 736 3720 Ut
755 3640 863 3719 enim
884 3638 965 3718 illic
985 3666 1137 3730 norma,
1143 3638 1190 3744 st
1204 3637 1316 3719 duob.

166 3752 271 3831 linem
296 3781 398 3862 reque
424 3753 631 3846 conveniat,
657 3782 717 3831 eos
742 3753 856 3832 lineos
881 3750 1100 3943 dernorqrot
1126 3750 1322 3833 convenire

168 3865 267 3944 inter
272 3863 332 3970 ſs,
339 3864 427 3968 five
445 3864 509 3973 effi
527 3866 711 3974 aequoles;
742 3865 882 3944 eodem
898 3865 989 3973 plan
1029 3863 1150 3943 modo
1165 3863 1321 3943 medius

166 3979 357 4056 terminus
389 3977 416 4053 si
447 3978 566 4055 duob.
599 3977 857 4056 conclusionis
888 3976 1066 4056 terminis
1096 3976 1321 4069 conveniat,

168 4090 276 4168 velut
303 4116 440 4167 norma
465 4089 716 4183 demonstrat,
743 4090 951 4169 convenire
978 4088 1077 4167 duos
1102 4086 1192 4167 illos
1220 4090 1322 4166 inter

167 4201 229 4294 se;
252 4219 291 4279 et
310 4198 457 4279 contra.
490 4202 628 4308 Itaque
649 4202 675 4279 fi
696 4201 854 4308 quaestio
873 4199 1104 4280 affirmanda
1122 4199 1194 4293 est,
1214 4227 1321 4308 quae·

166 4315 334 4394 rendum
350 4312 406 4390 est
422 4341 491 4423 per
506 4342 642 4393 omnes
659 4315 902 4393 inventiones
916 4314 1022 4393 locos
1037 4332 1319 4421 argumentum

167 4429 272 4535 quod
295 4426 450 4532 utrique
471 4427 571 4534 parti
592 4425 811 4533 quaestionis
831 4425 1062 4506 conveniat:
1095 4424 1123 4505 fi
1143 4422 1320 4534 neganda
