2956 4980
158 257 241 366 276
313 279 316 286 ·
381 241 544 337 Literae
569 236 763 337 Oliverii
787 239 1080 335 Protestoris.

157 444 289 498 remus
316 445 367 497 ex
393 417 483 528 ipfis
510 415 632 496 initiis
659 415 722 495 vel
747 415 923 495 minimae
946 411 1186 494 dissensionis
1214 413 1315 491 inter

158 527 295 610 fratres
322 551 477 623 coortae,
504 557 553 609 ex
580 557 658 637 qua
685 546 840 609 tantum
866 527 989 607 creari
1022 523 1314 634 Protestantium

160 640 274 721 rebus
294 641 501 721 discrimen
528 640 676 720 necesse
697 641 764 735 s1t;
795 667 959 749 quaeque
985 638 1012 717 fi
1040 636 1315 745 ingravescerit

150 753 284 861 (quod
324 756 435 834 Deus
473 781 522 831 ne
557 753 701 858 siverit)
738 770 933 862 quantum
961 751 1052 831 inde
1083 748 1314 858 Reformatr's

159 866 332 972 Ecclrysis
350 866 572 974 periculum
592 866 852 973 impenderet,
874 882 1019 971 quanta
1039 858 1312 970 triumphandi

159 979 341 1057 materies
383 977 555 1056 inimicis
591 977 743 1072 nostris,
774 996 815 1056 et
849 974 1028 1085 Hstanis
1064 975 1311 1083 potissimum

159 1089 330 1183 daretur,
352 1088 472 1168 latere
492 1089 661 1168 vestram
682 1088 932 1198 prudentiam
956 1085 1151 1194 usumque
1181 1110 1314 1165 rerum

160 1198 449 1280 solertissimum
480 1227 559 1279 non
592 1201 732 1310 potest.
804 1199 968 1307 Hstano
999 1216 1120 1292 certe,
1161 1216 1312 1276 tantum

160 1309 255 1392 hinc
275 1312 425 1392 fiduciae
445 1330 598 1392 tantum
619 1309 773 1421 spiritus
792 1311 959 1404 accefiit,
988 1326 1033 1389 ut
1059 1337 1139 1390 non
1162 1310 1313 1388 dubita·

160 1427 261 1505 'verit
295 1453 364 1532 per
390 1426 599 1531 Legatum
617 1425 732 1504 suum
758 1422 863 1532 apud
889 1450 957 1502 vos
983 1439 1311 1513 commorantem,

162 1535 228 1616 sua
246 1535 357 1616 vobis
385 1537 557 1630 confilia,
576 1538 695 1645 idque
721 1535 770 1615 de
791 1535 943 1615 summa
964 1535 1072 1642 Reip.
1094 1533 1228 1613 vestrae
1247 1561 1313 1613 au·

162 1647 359 1728 dacislime
393 1647 633 1728 obtrudere:
676 1666 716 1727 et
748 1648 895 1756 partim
927 1646 1069 1753 injcdto
1103 1645 1315 1726 renovandi

164 1759 259 1839 belli
287 1780 398 1839 metu
428 1780 585 1854 terrere,
617 1762 761 1871 partim
792 1760 980 1840 ostentati
1010 1759 1192 1838 utilitatis
1223 1756 1316 1837 salsi

164 1871 290 1980 specie
310 1871 517 1952 sollicitare
537 1872 682 1953 vestros
707 1871 859 1952 animos
884 1870 940 1951 est
959 1871 1086 1966 ausus,
1106 1888 1152 1951 ut
1172 1870 1315 1951 relictis

161 1982 242 2089 ejus
273 1981 430 2063 hortatu
462 1985 600 2063 amicis
631 1984 790 2064 vetustis
828 2011 873 2063 ac
912 1982 1155 2076 fideliffimis,
1192 1983 1314 2075 Gallo,

162 2095 305 2201 Angla,
326 2114 443 2204 atque
462 2097 590 2190 Sueco,
605 2094 854 2176 arstiffimam
874 2123 968 2175 curn
988 2093 1097 2174 hoste
1117 2121 1163 2173 ac
1184 2113 1314 2202 tyran·

160 2233 213 2286 no
244 2207 446 2316 quondam
469 2208 608 2301 vestro,
640 2226 779 2317 pacato
807 2235 912 2286 nunc
940 2207 1100 2300 scilicet,
1125 2224 1180 2299 et,
1205 2205 1313 2315 quod

162 2321 338 2400 maxime
355 2321 615 2401 metuendum
627 2320 697 2413 est,
711 2320 950 2413 blandiente,
963 2321 1068 2400 coire
1088 2317 1314 2398 societatem

162 2432 328 2512 velletis.
388 2434 486 2512 Sane
505 2433 577 2542 qui
604 2460 654 2511 ex
679 2431 789 2511 hoste
809 2432 1140 2524 inveteratiffimo,
1161 2430 1315 2541 arreptai

162 2562 243 2623 tam
274 2545 352 2624 levi
379 2545 578 2624 occasione
605 2573 677 2654 pro
703 2543 920 2623 consiliario
940 2564 1099 2653 repente
1123 2541 1252 2623 vestro
1277 2543 1312 2622 se

162 2657 277 2761 gerit,
297 2656 393 2764 quid
421 2656 608 2765 estquod
632 2656 700 2735 istc
727 2656 796 2734 fibi
824 2683 904 2735 non
931 2655 1113 2750 sumeret,
1131 2652 1214 2763 qub
1235 2682 1313 2734 non

161 2767 330 2847 audaciae
348 2768 619 2876 progredetur,
635 2769 662 2848 sr
677 2795 833 2848 cernere
849 2767 888 2846 id
908 2766 1027 2847 semel
1047 2768 1171 2847 oculis
1191 2767 1314 2874 pollet

162 2880 269 2987 quod
296 2907 400 2959 nunc
423 2881 556 2960 animo
581 2880 772 2960 duntaxat
797 2881 971 2989 concipit
994 2877 1111 2987 atque
1131 2878 1310 2971 molitur,

161 2991 395 3072 discordiam
411 3019 555 3102 nempe
575 2994 676 3071 inter
693 2993 945 3102 Protgstantes
959 3020 1004 3072 ac
1023 2992 1175 3071 bellum
1196 2990 1312 3070 intes-

85 3105 93 3119 '
162 3105 306 3185 tinum.
366 3103 504 3184 Nescii
523 3132 600 3184 non
621 3105 769 3197 sumus,
782 3131 865 3198 vos,
884 3132 956 3213 pro
976 3104 1161 3213 sapientia
1176 3103 1312 3197 vestra,

162 3219 233 3325 qui
265 3219 309 3297 fit
336 3220 502 3326 Europae¹
532 3216 715 3297 universae
745 3215 875 3313 status,
906 3245 993 3325 quae
1023 3215 1314 3324 Protestantium

163 3329 372 3437 praesertim
403 3328 578 3409 conditio
604 3329 738 3437 saepius
762 3355 855 3407 cum
882 3328 1024 3408 animis
1043 3327 1177 3408 vestris
1201 3329 1314 3436 cogi-

162 3458 265 3534 tare;
289 3440 546 3521 Heluetiorum
561 3443 686 3550 Pagos
701 3440 951 3520 Orthodoxam
970 3439 1091 3520 fidem
1111 3440 1315 3547 sequentes

161 3578 354 3632 novorum
383 3571 567 3632 motuum
601 3549 623 3632 ὲ
653 3552 908 3662 popularibus
938 3551 1013 3632 suis
1044 3551 1165 3631 fidem
1193 3553 1323 3662 Papa>

163 3662 411 3773 sequentibus
424 3664 508 3770 jam
520 3664 684 3772 jamque
699 3663 929 3744 ciendorum
946 3665 1219 3772 expectatione
1235 3663 1315 3743 sus-

135 3777 299 3887 pensos
330 3776 467 3869 teneri,
492 3804 542 3855 ex
574 3804 620 3855 eo
647 3778 716 3856 vix
747 3776 844 3855 dum
874 3775 980 3855 bello
1010 3775 1179 3855 emersos
1205 3776 1314 3884 quod

163 3890 385 3997 Religionis
419 3887 534 3999 plane
570 3888 686 3967 causi
729 3887 777 3966 ab
813 3886 993 3996 Hispano,
1026 3888 1097 3996 qui
1135 3885 1315 3968 hostibus

161 4029 299 4080 eorum
319 4020 360 4080 et
379 4001 496 4081 duces
515 4001 673 4079 dederat
692 4016 732 4079 et
755 4002 965 4107 pecuniam
985 3998 1314 4109 suppeditaverat,

161 4112 376 4193 conflatum
404 4113 459 4193 est
485 4131 602 4220 atque
630 4111 859 4206 accensum;
893 4112 1055 4192 Vallium
1083 4112 1316 4221 Alpinarum

160 4225 299 4305 incolis
318 4225 477 4303 confilia
492 4224 742 4333 Hstanorum
761 4224 927 4304 eandem
946 4222 1075 4304 rursus
1094 4222 1316 4306 machinari

161 4339 308 4419 caedem
327 4354 443 4444 atque
463 4337 680 4445 perniciem
695 4363 817 4444 quam
835 4335 1032 4446 superiore
1052 4363 1155 4417 anuo
1172 4338 1318 4418 crude·

161 4448 302 4532 liffime
322 4449 563 4544 intulerunt;
594 4448 847 4558 Protestantes
864 4451 1065 4531 Germanos
1075 4449 1149 4530 'sub
1164 4449 1318 4533 ditione
