2956 4980
397 220 560 317 Literae
586 215 781 317 Oliverii
806 222 1100 320 Protectoris.
1246 239 1327 346 269

164 648 375 739 Oliverius
391 662 591 742 Proterior
603 662 975 772 Reip.Angliae,&c.
992 663 1155 767 Except
1165 680 1202 743 et
1215 665 1328 744 Prae-

222 770 435 878 potentibus
450 773 622 853 Dominis
636 776 833 855 Foederati
847 772 977 881 Belgii
992 772 1196 855 Ordinibus
1207 777 1249 855 S.
1265 778 1325 856 D.

156 923 327 1014 Excelfi
346 952 387 1013 et
383 955 662 1064 praepotentes
681 939 867 1031 Domini,

312 1046 433 1126 amici
421 1044 681 1143 chariffimi3

167 1165 584 1359 DEmonstrarunt
603 1171 715 1252 nobis
735 1199 805 1280 per
818 1171 998 1252 libellum
1015 1172 1236 1281 supplicem
1250 1173 1327 1282 Jo-

308 1311 423 1362 annes
437 1284 605 1377 Brunus,
621 1283 802 1364 Nicolous
818 1285 945 1363 Guliel
895 1313 1033 1378 remus,
1054 1286 1200 1392 aliique
1221 1289 1326 1367 Lon-

156 1387 346 1499 dinerffes,
379 1392 431 1488 se,
462 1422 557 1474 cum
582 1395 624 1474 in
654 1423 811 1489 navem,
836 1396 902 1475 cui
932 1397 1047 1476 Bonae
1078 1397 1155 1505 Esp
1157 1415 1293 1476 erantz
1295 1427 1329 1477 ae

165 1503 399 1611 Londinerfi
414 1534 560 1586 nomeu
582 1507 753 1586 inditum
773 1526 867 1600 erat,
881 1508 922 1586 in
938 1507 1117 1587 Oriental
1113 1538 1165 1586 em
1181 1507 1328 1589 Indiam

163 1616 461 1725 navigaturam,
482 1617 626 1698 sortem
651 1619 815 1728 quisque
840 1618 950 1698 suam
974 1618 1208 1714 contulisset,
1233 1648 1327 1729 pro-

164 1730 345 1808 curatori
364 1729 432 1809 suo
451 1732 658 1837 negotium
677 1730 818 1810 dedisse
840 1729 1047 1811 Februario
1066 1731 1197 1810 mense
1223 1733 1329 1834 1644

168 1858 219 1919 ut
237 1838 299 1920 bis
313 1841 423 1920 mille
437 1843 738 1950 quadringentas
757 1841 873 1922 libras
887 1842 1059 1949 Belgicus
1073 1844 1122 1924 ad
1137 1842 1242 1923 illius
1258 1872 1328 1924 na-

167 1951 231 2030 vic
252 1955 485 2083 periculum
503 1954 761 2082 praestandum
786 1954 1057 2063 Amsterodami
1076 1975 1252 2035 curaret.
1283 1983 1330 2036 ea

169 2065 283 2144 navis
301 2093 396 2145 cum
415 2068 457 2145 in
475 2066 613 2146 itinere
631 2068 679 2146 ad
699 2095 809 2146 oram
828 2066 952 2176 ipsam
967 2065 1087 2147 Indiae
1101 2066 1149 2147 ab
1166 2067 1328 2148 Hollan-

170 2173 258 2256 dica
278 2177 465 2285 quadam,
484 2196 570 2285 quae
593 2205 644 2257 ex
669 2178 832 2258 navibus
855 2178 1061 2259 Orientalis
1080 2179 1187 2258 illius
1208 2178 1328 2259 socie-

175 2288 266 2367 tatis
286 2307 382 2383 erat,
401 2309 516 2398 capta
534 2290 649 2385 esset;
680 2319 752 2399 qur
740 2290 984 2400 praestando
1004 2289 1181 2399 periculo
1201 2290 1237 2369 se
1257 2291 1330 2370 ob-

175 2397 394 2529 ligaverant
417 2405 573 2511 padam
594 2403 806 2512 pecuniam
826 2430 1031 2482 numerare
1051 2399 1259 2496 recusaffe3
1290 2421 1332 2481 et

175 2509 371 2592 sextum
354 2539 439 2618 Jam
464 2541 612 2593 annum
644 2514 748 2623 posse
778 2513 940 2608 nostros,
966 2515 1037 2622 qui
1060 2513 1212 2592 summa
1235 2541 1329 2594 cum

177 2622 393 2704 affiduitate
420 2625 682 2734 maximisque
707 2625 928 2734 impenfis
912 2625 1112 2732 jussuum
1139 2625 1330 2755 persecuti

176 2732 281 2828 sunt,
299 2736 551 2818 dilattombus
562 2765 677 2817 varus
692 2739 869 2818 Qeludere
931 2737 1052 2848 Qod
1072 2765 1165 2817 cum
1185 2740 1331 2846 petito-

178 2845 286 2927 ribus
317 2875 435 2955 grave
464 2848 682 2928 admodum
712 2868 829 2958 atque
860 2849 1043 2976 iniquum
1075 2849 1265 2942 videatur,
1291 2869 1331 2929 et

177 2959 359 3039 nonnulli
378 2988 428 3040 ex
455 2960 503 3040 iis
522 2989 593 3070 qur
581 2960 649 3040 se
669 2960 894 3068 obligarunt
913 2959 1005 3040 vel
989 2988 1073 3066 Jam
1093 2960 1200 3040 diem
1219 2960 1331 3040 obie-

178 3071 257 3150 rint
285 3070 348 3151 vel
378 3071 561 3152 solvendo
590 3100 670 3151 non
699 3073 786 3166 smt,
816 3072 963 3181 nequid
992 3070 1095 3152 forte
1124 3072 1172 3150 ad
1201 3072 1332 3208 priora

178 3182 324 3262 damna
343 3181 489 3264 summi
511 3184 746 3264 discriminis
768 3183 940 3277 accedat,
961 3210 1200 3292 magnopere
1219 3211 1242 3262 a
1259 3212 1331 3263 vo·

180 3292 239 3374 bis
259 3295 447 3404 petimus,
468 3314 513 3375 ut
531 3324 601 3404 per
621 3315 679 3376 tot
697 3323 817 3375 annos
837 3297 878 3374 iu
899 3294 984 3375 soro
1001 3296 1154 3402 jactatis
1173 3321 1218 3373 ac
1238 3323 1331 3404 pro·

180 3404 264 3513 prid
296 3405 494 3513 naufragis
518 3408 600 3487 istis
624 3407 793 3487 vestram
818 3408 1042 3515 aequitatem
1071 3426 1231 3515 portum
1258 3407 1331 3487 esse

180 3537 298 3626 atque
318 3517 549 3627 perfugium
567 3518 720 3614 velitis;
752 3538 874 3627 utque
898 3519 946 3598 de
973 3519 1084 3599 causa
1112 3517 1192 3611 sua,
1212 3547 1333 3627 quam

181 3628 238 3710 illi
246 3628 498 3734 justissimam
514 3631 588 3711 esse
604 3630 807 3711 confidunt
809 3633 967 3739 ,primo
980 3658 1140 3739 quoque
1156 3649 1334 3740 tempore

176 3739 374 3846 judicium
393 3741 474 3822 fiat.
533 3743 689 3822 Vobis
678 3744 838 3822 interim
857 3743 990 3822 omnia
1002 3741 1050 3821 ad
1071 3742 1150 3821 Dei
1164 3741 1333 3870 gloriam

182 3852 439 3962 Ecclefiaeque
459 3853 678 3963 praefidium
697 3852 820 3934 fauste
845 3874 961 3963 atque
986 3852 1153 3933 feliciter
1177 3856 1332 3936 evenire

182 3965 380 4046 volumus.

268 4077 589 4187 Westmonasterio.
650 4078 766 4172 Maii,
791 4078 909 4184 1656.

351 4190 605 4271 Excelsarum
625 4209 665 4269 et
684 4190 985 4299 praepotentium
1001 4187 1336 4270 Dominationum

568 4301 783 4382 vestrarum
804 4301 1120 4394 Studiofiffimus,

431 4413 625 4497 Olioerius
646 4415 849 4496 Proteoor
870 4415 1046 4525 Reipub.
1069 4412 1239 4522 Angliae,
1260 4416 1335 4494 &c.
