2956 4980
159 219 241 322 448
458 197 748 297 Prolusrones
774 203 1013 297 Oratoriae.

158 409 244 460 oras
269 377 381 457 fuisl'e
407 378 608 456 advectas:
640 379 788 457 idcirco
814 404 909 456 cum
929 378 1077 455 Graecae
1102 394 1145 453 et
1167 375 1313 452 Latina

160 494 324 598 Linguae
342 489 482 599 peritia
502 490 705 596 impendio
724 517 807 567 rara
826 487 920 567 esset
933 506 973 566 et
992 486 1178 581 insolens,
1193 514 1312 594 expe·

159 602 291 683 diebat
311 600 359 680 eb
387 601 527 680 acriori
552 600 694 693 studio,
714 619 755 679 et
781 601 907 707 magis
935 598 1091 678 affiduis
1118 600 1313 678 exercita·

159 714 332 794 tionibus
360 713 408 792 ad
431 739 494 791 eas
517 713 615 789 eniti
642 732 681 791 et
704 712 893 821 aspirare:
924 738 994 790 nos
1018 729 1157 790 autem
1187 737 1313 818 quan-

157 827 375 934 doquidem
401 822 661 934 superioribus
688 825 825 904 nostris
852 822 962 932 pejus
992 821 1127 902 sumus
1154 823 1311 914 morati,

159 939 303 1018 melius
330 937 488 1028 eruditi,
508 934 705 1044 oportebit
731 936 874 1015 relidis
894 963 980 1043 quae
1005 933 1112 1012 haud
1142 935 1311 1013 multam

159 1047 305 1128 habent
328 1046 600 1127 difficultatem
627 1046 676 1125 ad
703 1076 748 1126 ea
776 1047 899 1127 studia
928 1047 1128 1139 accedere,
1151 1045 1200 1124 ad
1230 1074 1312 1154 quae

158 1179 199 1239 et
219 1161 277 1239 illi
296 1158 545 1239 contulissent
564 1157 615 1252 se,
637 1159 664 1237 fi
684 1187 754 1269 per
774 1161 903 1238 otium
927 1158 1117 1250 licuiffet3
1151 1185 1226 1238 nec
1246 1186 1311 1236 vos

160 1272 345 1380 praeteriit
364 1273 512 1380 primos
526 1270 700 1378 quosque
721 1256 998 1377 legumlatores
1014 1270 1175 1349 duriora
1195 1270 1310 1379 paulo

158 1385 265 1478 scita,
284 1401 324 1463 et
342 1383 529 1462 severiora
544 1409 665 1490 quam
685 1401 729 1461 ut
747 1381 841 1461 ferri
860 1380 1002 1492 poffint
1021 1381 1179 1490 semper
1197 1383 1309 1461 edere

158 1497 293 1589 solere,
306 1514 352 1575 ut
370 1494 618 1575 defleslentes
633 1513 674 1573 et
688 1495 896 1603 paululum
913 1494 1049 1602 relapfi
1065 1492 1253 1573 homines
1271 1495 1308 1571 in

159 1608 289 1717 ipsum
309 1612 461 1687 testum
482 1607 668 1685 incidant.
721 1607 907 1714 Denique
926 1607 1077 1685 mutati
1096 1632 1207 1684 nunc
1225 1634 1309 1684 om·

159 1722 254 1800 nino
275 1748 407 1799 rerum
428 1717 541 1811 facie,
556 1718 703 1798 necesse
719 1718 775 1798 est
791 1719 933 1798 multas
953 1718 1074 1824 leges,
1089 1717 1309 1826 multasque

159 1832 457 1911 consuetudines
478 1831 504 1910 fi
525 1859 603 1909 non
631 1832 824 1938 antiquari
853 1849 893 1910 et
919 1829 1172 1923 obsolescere,
1193 1856 1308 1910 coan-

158 1944 304 2049 gustari
321 1943 454 2021 saltem
472 1970 543 2021 nec
560 1970 629 2049 per
644 1945 779 2022 omnia
798 1942 950 2022 servari.
990 1943 1149 2021 Verum
1166 1942 1194 2020 fi
1209 1942 1307 2021 leves

157 2053 375 2134 istiusmodi
396 2081 507 2160 nugae
527 2053 658 2160 palam
678 2054 911 2135 desensrtatae
937 2053 1088 2133 fuerint
1106 2072 1150 2132 et
1168 2081 1307 2164 appro-

158 2167 268 2260 batae,
296 2165 576 2274 publicamque
607 2164 872 2247 demeruerint
907 2166 1065 2246 laudem
1097 2163 1171 2272 (fic
1203 2167 1306 2246 enim

159 2279 289 2359 arduis
307 2278 522 2386 superciliis
542 2277 664 2357 solent
686 2279 833 2386 dicere)
855 2306 973 2358 nemo
1000 2305 1078 2357 non
1106 2277 1240 2357 averso
1263 2278 1307 2358 ab

159 2391 246 2470 sana
266 2409 306 2469 et
325 2390 442 2469 solida
456 2390 675 2472 eruditione
691 2392 824 2469 animo
839 2420 931 2470 eum
947 2391 995 2469 ad
1015 2390 1168 2470 ludicra
1182 2389 1307 2470 statim

160 2522 200 2582 et
230 2502 495 2581 histrionalem
527 2531 648 2611 prope
680 2501 880 2583 levitatem
910 2503 1110 2610 adjunget,
1140 2501 1241 2581 adeo
1266 2521 1308 2581 ut

160 2615 238 2724 ipsa
260 2612 590 2722 Philosophorum
611 2614 731 2722 spatia
750 2642 822 2722 pro
842 2616 966 2694 doctis
987 2633 1027 2694 et
1045 2613 1217 2694 cordatis
1236 2641 1307 2693 nu·

160 2746 312 2833 gatores
327 2726 507 2805 emissura
520 2726 591 2806 fint
602 2726 665 2805 vel
685 2727 802 2806 nimis
822 2747 861 2807 et
881 2727 1019 2806 scurris
1035 2728 1304 2834 proterviores.

159 2840 217 2919 At
229 2867 321 2918 vero
341 2866 417 2945 ego
436 2836 617 2917 existimo
632 2866 726 2917 eum
741 2840 811 2946 qui
823 2839 923 2945 jocis
943 2838 1131 2919 insubidis
1148 2838 1199 2917 fic
1216 2837 1308 2919 solet

160 2952 264 3059 capi,
286 2969 329 3030 ut
348 2979 425 3059 prae
447 2953 492 3030 iis
512 2951 606 3029 seria
625 2971 665 3030 et
685 2953 810 3056 magis
834 2952 946 3030 utilia
974 2951 1089 3059 plane
1117 2951 1305 3057 negligat,

159 3092 252 3142 eum
275 3063 451 3170 inquam,
473 3090 545 3141 nec
565 3064 605 3141 iu
625 3060 699 3141 hac
718 3082 842 3171 parte,
864 3091 935 3142 nec
963 3064 1003 3141 in
1029 3063 1096 3140 illa
1115 3063 1223 3171 polle
1242 3062 1307 3141 ad-

160 3175 327 3254 modum
364 3174 576 3284 proficere:
618 3202 696 3253 non
731 3175 893 3282 quidem
925 3177 965 3252 in
998 3173 1118 3268 seriis,
1151 3176 1248 3282 quia
1281 3174 1305 3253 fi

159 3285 289 3366 fuisset
318 3288 365 3366 ad
401 3315 459 3366 res
493 3287 605 3367 serias
637 3289 854 3367 tradtandas·
879 3286 1014 3366 natura
1043 3305 1305 3397 comparatus,

161 3396 375 3507 factusque,
396 3399 512 3479 credo
544 3426 621 3477 non
650 3418 730 3478 tam
758 3398 872 3480 facile
900 3416 1098 3508 pateretur
1121 3398 1161 3478 se
1185 3399 1237 3479 ab
1264 3399 1307 3476 iis

160 3510 302 3588 abduci
320 3539 331 3600 ;
362 3539 434 3589 nec
455 3513 493 3588 in
514 3512 742 3619 nugatoriis,
755 3513 847 3619 quia
861 3512 930 3590 vix
944 3530 1063 3620 queat
1082 3511 1188 3592 ullus
1207 3510 1306 3589 belle

161 3639 200 3700 et
220 3621 349 3729 lepide
371 3621 507 3726 jocari,
530 3624 599 3700 nifi
624 3641 663 3701 ct
684 3622 778 3701 serio
799 3651 914 3729 agere
934 3624 1042 3731 prius
1061 3623 1305 3702 addidicerit.

160 3735 235 3812 Sed
256 3761 405 3829 vereor,
427 3733 671 3826 Academici,
692 3762 740 3811 ne
764 3735 919 3842 longius
938 3764 1049 3844 aequo
1072 3735 1307 3814 deduxerim

162 3847 363 3927 Orationis
384 3847 512 3939 filum,
534 3846 625 3926 nolo
646 3846 828 3926 excusare
849 3849 954 3955 quod
983 3850 1110 3957 potui,
1136 3875 1186 3926 ne
1207 3849 1307 3927 inter

159 3958 425 4039 excusandum
447 3957 683 4066 ingravescat
697 3959 826 4068 culpa.
886 3961 979 4064 Jam
996 3961 1175 4039 oratoriis
1192 3959 1305 4039 soluti

159 4070 312 4179 legibus
332 4072 576 4178 prosiliemus
597 4073 636 4149 in
658 4073 868 4151 Comicam
888 4072 1103 4150 licentiam.
1165 4073 1213 4150 In
1230 4098 1306 4180 qua

158 4185 185 4263 sr
217 4182 318 4262 forte
350 4211 502 4263 morem
526 4212 678 4276 meum,
707 4185 732 4261 fi
766 4185 909 4290 rigidas
933 4184 1176 4263 verecundia>
1203 4184 1308 4291 leges

157 4295 429 4387 transversum,
461 4296 567 4401 quod
607 4297 729 4388 aiunt,
768 4297 940 4402 digitum
968 4296 1146 4403 egressus
1179 4294 1306 4388 fuero,

158 4407 284 4487 sciatis
315 4409 561 4501 Academici,
594 4437 658 4487 me
691 4409 730 4485 in
763 4409 928 4486 vestram
965 4410 1132 4514 gratiam
1161 4407 1307 4488 exuisse
