2956 4980
386 114 549 208 Literae
575 107 768 207 Oliverii
793 113 1084 208 Protenoris.
1232 152 1312 234 249

156 445 364 527 Oliverius
378 446 547 525 Protea.
562 443 781 550 Serem'ffimo
795 445 973 555 Principi
983 445 1127 527 Carolo
1142 447 1317 527 Gustavo

351 556 558 667 Adolpho,
580 556 778 637 Suecorum
798 557 909 664 Regi,
931 559 1121 638 Salutem.

166 733 450 927 PErveniffe
467 760 593 842 nuper
608 732 647 810 in
665 759 784 839 regna
798 732 921 811 vestra
937 732 1043 812 illius
1061 733 1193 813 Edisti
1209 762 1319 814 acer-

278 842 423 925 biffimi
445 844 594 925 famam
613 872 693 952 quo
714 846 796 924 dux
821 842 1019 924 Sabaudiae
1039 844 1119 952 subj
1124 850 1228 926 cetos
1248 847 1320 927 fibi

164 955 334 1064 Alpinos
349 958 511 1051 incolas,
532 956 789 1064 Reformatam
810 958 1065 1063 Religionem
1079 872 1319 1067 piofitentes,

166 1065 515 1162 funditusafflixit,
529 1069 1154 1197 etnisrreligioneRomandsuam
1168 1092 1320 1151 mutare

167 1179 288 1261 fidem
308 1178 331 1260 ὲ
347 1182 432 1287 Ma
435 1181 568 1262 oribus
587 1201 789 1289 acceptam
808 1181 907 1260 intra
923 1181 1006 1260 dies
1021 1182 1164 1288 viginti
1183 1183 1320 1278 velint,

167 1293 304 1402 patriis
324 1292 477 1373 sedibus
498 1294 753 1372 exterminari
770 1291 892 1399 juffit,
912 1294 1014 1372 unde
1035 1297 1208 1374 multis
1197 1315 1321 1376 mter·

167 1403 296 1498 festis,
322 1409 450 1486 caeteri
478 1403 645 1514 spoliati,
679 1425 719 1484 et
745 1406 831 1483 ad
821 1406 1025 1484 interitum
1059 1407 1319 1486 certiffimum

167 1516 350 1626 expofiti,
372 1545 442 1627 per
461 1517 733 1597 incultiffimos
751 1533 919 1609 montes,
941 1514 1206 1626 hyememque
1230 1547 1321 1628 per-

168 1648 333 1739 petuam
354 1628 459 1708 fame
486 1646 527 1708 et
551 1628 696 1735 frigore
716 1627 884 1708 confesti
903 1656 996 1707 cum
1016 1630 1249 1736 conjugibus
1276 1658 1322 1710 ac

220 1741 382 1821 rvulis
366 1770 451 1848 Jam
476 1768 581 1820 nunc
609 1740 800 1833 aberrant,
825 1759 864 1818 et
888 1737 970 1821 haec
1000 1743 1170 1849 graviter
1198 1741 1323 1822 tuliffe

169 1768 258 1933 ii
223 1853 423 1959 aJ‘estatem
439 1853 607 1933 vestram
624 1852 737 1932 nobis
758 1849 1081 1962 persuafiffimum
1093 1853 1160 1936 est
1211 1855 1323 1935 Nam

172 1964 479 2046 Protestantium
501 1993 645 2046 nomen
666 1985 783 2072 atque
801 1963 972 2058 causam,
993 1966 1177 2045 tametsr
1167 1985 1268 2046 rnter
1287 1966 1324 2047 se

172 2077 220 2158 de
241 2075 358 2159 rebus
374 2105 453 2157 non
469 2078 654 2157 maximis
666 2077 905 2169 diss'entiunt,
921 2105 1178 2157 communem
1193 2097 1326 2158 tamen

172 2208 211 2271 et
230 2187 333 2300 pene
353 2217 473 2270 unam
490 2189 579 2282 effe,
599 2189 906 2269 adversariorum
922 2218 990 2296 par
1010 2191 1051 2267 in
1066 2217 1203 2269 omnes
1225 2193 1327 2270 Pro-

172 2302 346 2411 testantes
356 2303 495 2382 odium
506 2301 880 2381 faciledemonstrat.
913 2303 1325 2409 EtSuecorumReges,

174 2414 287 2494 suam
320 2441 416 2494 cum
451 2414 680 2521 Reformatis
712 2412 952 2519 conjunxiffe
987 2413 1139 2522 semper
1172 2414 1328 2496 causam

172 2526 293 2607 illatis
316 2527 437 2606 etiam
464 2526 505 2604 in
532 2526 789 2605 Germaniam
819 2526 937 2604 armis
960 2527 1009 2606 ad
1037 2527 1328 2636 Protestantium

173 2637 410 2745 religionem
438 2637 516 2716 fine
543 2638 766 2718 discrimine
797 2637 999 2731 tuendam,
1029 2666 1148 2717 nemo
1175 2640 1328 2747 estqui

175 2750 356 2857 ignoret:
416 2750 559 2829 etimus
579 2751 776 2859 imprimis
796 2751 931 2856 igitur,
949 2751 1068 2855 idque
1084 2749 1274 2855 majorem
1287 2753 1329 2831 in

177 2862 363 2956 modum,
383 2777 626 2966 iMajestate
646 2863 770 2941 vestra
791 2862 879 2967 (nifi
899 2862 939 2940 id
953 2862 1038 2967 jam
1054 2860 1205 2954 fecerit,
1221 2863 1329 2970 quod

176 2995 218 3054 et
235 2972 559 3056 Reformatorum
580 2975 663 3054 aliae
679 2973 924 3083 Respublicae
940 2993 979 3052 et
999 3002 1067 3053 nos
1084 2973 1266 3081 fecimus)
1285 2993 1330 3055 ut

178 3112 276 3166 cum
296 3085 495 3166 Sabaudiae
516 3088 632 3165 Duce
658 3116 728 3196 per
752 3087 880 3166 literas
900 3085 994 3165 velit
1018 3114 1155 3194 agere;
1186 3086 1329 3194 suaque

178 3195 417 3279 authoritate
436 3199 673 3307 interposrta‚
691 3218 730 3279 et
752 3196 854 3279 hanc
878 3216 1026 3277 tantam
1049 3199 1167 3278 edicti
1186 3200 1330 3277 atroci-

179 3327 304 3390 tatem
321 3310 370 3389 ab
387 3308 615 3390 hominibus
635 3339 729 3391 cum
749 3311 927 3390 innocuis
947 3329 1035 3390 tum
1055 3311 1242 3418 religiofis
1261 3311 1332 3390 de-

210 3421 392 3516 reconde,
417 3421 445 3502 fi
472 3421 557 3502 fieri
587 3423 726 3532 potest,
757 3442 929 3503 avertere
962 3443 1147 3503 conetur:
1183 3427 1332 3502 etenim

178 3450 333 3614 ἕπεθ’
279 3534 391 3613 initia
406 3552 488 3615 tam
504 3533 595 3614 saeva
610 3563 690 3643 quo
706 3535 893 3644 spectent,
911 3534 1007 3643 quid
1023 3535 1133 3614 nobis
1148 3536 1333 3616 omnibus

181 3647 399 3738 minentur,
425 3646 635 3727 admonere
670 3648 837 3726 vestram
869 3646 1118 3776 MaJ'estatem
1151 3646 1334 3757 superva-

180 3785 305 3838 cuum
331 3756 404 3837 effe
428 3759 677 3839 arbitramur.
738 3760 858 3868 Qod
884 3760 951 3838 fi
941 3787 973 3839 1s
1002 3760 1066 3838 irae
1095 3758 1182 3852 suae,
1212 3787 1334 3867 quam

182 3869 324 3953 nostris
343 3872 526 3951 omnium
542 3871 723 3980 precibus
738 3871 949 3951 auscultare
963 3871 1171 3951 maluerit:
1205 3873 1335 3952 Nobis

183 3979 378 4092 profecto,
391 3983 527 4091 fiquod
539 3982 594 4063 est
604 3983 807 4063 vrnculum
812 3984 944 4091 fiqua
957 3984 1157 4090 relrgronrs
1169 3983 1335 4066 charitas

182 4113 253 4176 aut
270 4096 504 4175 communio
523 4095 715 4175 credenda
734 4115 850 4204 atque
871 4096 1034 4176 colenda
1058 4094 1126 4189 est,
1151 4124 1335 4174 commu-

183 4208 316 4289 nicato
336 4208 444 4316 prius
459 4208 582 4287 vestra
605 4235 699 4287 cum
724 4207 931 4313 Majestate
951 4206 1170 4315 caeterisque
1190 4206 1336 4286 Refor-

183 4338 385 4402 matorum
405 4319 643 4428 primoribus
663 4321 838 4413 confilio,
859 4321 933 4400 alia
953 4316 1253 4428 quamprimum
1275 4320 1336 4399 in-
