2956 4980
160 227 240 335 458
455 205 746 321 Prolusrones
772 213 1011 311 Oratoriae.

159 387 372 481 consolari;
397 386 482 492 jam
507 383 589 467 haec
617 414 696 466 non
722 387 838 496 plane
865 387 1102 496 interruptio
1129 387 1203 479 est,
1222 388 1310 495 quis

160 502 269 579 enim
303 499 544 607 interpellari
577 499 613 578 se
644 500 762 592 dicat,
796 498 838 578 id
869 497 1063 581 laudando
1090 518 1130 579 et
1166 499 1326 578 tuendo-

160 612 266 720 quod
286 631 406 704 amat,
427 610 535 717 quod
558 610 762 720 approbat,
777 610 885 718 quod
904 637 1146 719 magnopere
1167 610 1315 718 assequi

159 725 268 803 velit.
328 725 496 816 Verum,
527 724 754 816 Auditores,
789 723 840 801 fic
874 749 949 829 ego
980 722 1167 802 existimo
1199 723 1313 802 inre

160 836 412 915 mediocriter
431 833 618 915 laudabili
637 835 812 913 maxime
832 832 985 914 elucere
1004 834 1089 914 vim
1106 835 1314 942 Eloquen-

163 949 250 1040 tiae;
281 975 368 1055 quae
387 947 584 1026 summam
604 946 764 1025 laudem
790 943 952 1038 habent,
972 946 1041 1024 vix
1069 946 1153 1026 ullo
1175 946 1313 1038 modo,

162 1059 252 1138 ullis
271 1058 464 1138 limitibus
486 1058 688 1137 Orationis
714 1058 907 1137 contineri
933 1058 1053 1165 poffe,
1074 1059 1117 1137 in
1144 1056 1208 1137 his
1233 1057 1315 1166 ipsa

161 1169 232 1271 fibi
251 1170 374 1258 officit
392 1171 521 1278 copia,
536 1189 575 1249 et
590 1196 724 1249 rerum
744 1169 997 1250 multitudine
1016 1171 1315 1279 comprimit'et

160 1282 389 1388 coangustat
426 1283 716 1390 expandentem
755 1280 791 1360 se
826 1282 1058 1362 elocutionis
1089 1309 1310 1391 pompam;

160 1391 235 1473 hac
264 1422 339 1501 ego
366 1395 589 1500 argumenti
615 1392 868 1473 soecunditate
895 1392 1019 1472 nimia
1047 1392 1199 1486 laboro,
1224 1391 1314 1501 ipsae

162 1533 227 1585 me
248 1507 348 1585 vires
377 1505 640 1598 imbecillum,
663 1533 773 1585 arma
798 1507 990 1585 inermem
1013 1504 1210 1599 reddunt;
1241 1506 1314 1585 de·

162 1616 284 1696 lestus
303 1619 436 1725 itaque
456 1616 671 1709 faciendus,
689 1637 758 1697 aut
774 1635 879 1697 certe
899 1619 1164 1697 enumeranda
1182 1617 1314 1697 verius

160 1757 282 1835 quam
303 1730 498 1809 tractanda
513 1758 600 1836 quae
620 1747 678 1809 tot
696 1729 864 1809 nostram
880 1728 1034 1808 causam
1053 1729 1194 1808 validis
1213 1756 1313 1836 prae·

163 1841 265 1920 srdiis
285 1840 442 1920 firmam
457 1869 503 1920 ac
519 1842 715 1921 munitam
731 1841 928 1921 statuunt:
959 1867 1064 1920 nunc
1084 1840 1185 1920 illud
1205 1839 1311 1920 mihi

161 1953 277 2031 unice
297 1951 579 2032 elaborandum
592 1953 721 2045 viden,
742 1973 786 2033 ut
804 1951 1006 2033 ostendam
1025 1953 1124 2059 quid
1142 1954 1186 2031 in
1204 1972 1313 2032 utra-

162 2089 240 2170 que
260 2090 315 2156 re,
337 2082 377 2142 et
395 2085 589 2170 quantum
609 2061 752 2144 habeat
777 2083 1026 2144 momentum
1055 2065 1104 2144 ad
1130 2064 1246 2145 illam
1270 2066 1313 2145 in

162 2201 284 2281 quam
311 2202 448 2255 omnes
473 2174 655 2270 ferimur,
685 2176 993 2271 beatitudinem;
1031 2177 1073 2254 in
1102 2203 1183 2283 qua
1210 2205 1311 2256 con·

163 2287 335 2366 tentione
355 2287 463 2367 facili
482 2307 587 2367 certe
603 2290 763 2395 negotio
776 2287 990 2368 versabitur
1005 2290 1146 2368 Oratio
1162 2288 1309 2381 nostra,

163 2423 235 2477 nec
254 2397 469 2480 admodum
489 2399 562 2479 elle
581 2419 679 2509 puto
698 2399 957 2479 metuendum
976 2401 1073 2508 quid
1092 2400 1209 2509 poffit
1224 2401 1312 2478 Sci-

162 2511 275 2589 entiae
292 2509 462 2603 inscitia,
475 2512 566 2592 Arti
583 2513 807 2619 Ignorantia
824 2510 993 2616 objicere
1007 2541 1017 2605 ;
1037 2512 1219 2618 quamvis
1234 2509 1313 2592 hoc

161 2620 290 2727 ipsum
311 2622 419 2728 quod
437 2622 610 2727 objiciat,
630 2625 736 2732 quod
757 2623 873 2723 verba
893 2622 1023 2716 faciat,
1044 2624 1151 2729 quod
1173 2624 1215 2703 in
1235 2621 1312 2702 hac

162 2731 387 2812 celebritate
418 2734 700 2815 Literatiffimae
729 2735 942 2815 Concionis
969 2734 1032 2814 vel
1060 2733 1210 2814 hiscere
1240 2764 1312 2815 au-

162 2844 265 2937 deat,
288 2845 325 2922 id
348 2863 477 2925 totum
502 2847 549 2925 ab
577 2866 658 2926 arte
687 2845 861 2955 precarib
881 2847 943 2925 vel
970 2846 1101 2956 potius
1128 2848 1313 2926 emendi·

162 2975 249 3036 cato
283 2954 413 3036 habet.
476 2959 634 3039 Notum
667 2956 743 3038 hoc
774 2959 847 3037 effe
879 2986 979 3051 reor,
1009 2959 1237 3052 Auditores,
1268 2978 1310 3039 et

162 3086 366 3176 receptum
390 3070 588 3164 omnibus,
614 3097 805 3177 magnum
832 3071 973 3149 mundi
1000 3070 1203 3179 opificem,
1232 3099 1311 3150 cae-

162 3198 242 3259 tera
268 3181 403 3260 omnia
427 3209 520 3260 cum
546 3181 658 3262 fluxu
685 3200 725 3263 et
749 3181 893 3262 caduca
924 3180 1118 3291 posuisset,
1151 3180 1312 3263 homini

161 3311 299 3400 praeter
318 3294 358 3371 id
379 3296 484 3400 quod
505 3295 670 3374 mortale
698 3293 802 3386 effer,
823 3294 999 3373 divinam
1019 3293 1218 3401 quandam
1238 3323 1311 3376 au-

163 3431 261 3497 ram,
283 3423 322 3483 et
342 3406 448 3512 quasi
475 3426 625 3514 partem
653 3406 710 3485 sui
737 3404 1001 3499 immiscuisse,
1022 3404 1309 3501 immortalem,

161 3514 414 3594 indelebilem
434 3515 534 3596 lethi
553 3538 592 3597 et
612 3518 791 3598 interitus
811 3519 1058 3612 immunem3
1090 3545 1177 3626 quae
1199 3519 1307 3626 post·

161 3653 283 3733 quarn
310 3627 350 3704 in
376 3629 486 3705 terris
514 3629 740 3735 aliquandiu
762 3648 947 3736 tanquam
968 3628 1133 3709 coelestis
1152 3627 1309 3737 hospes,

159 3739 276 3832 caste,
293 3736 497 3846 sancteque
518 3743 761 3848 peregrinata
776 3740 882 3834 esset,
900 3742 948 3820 ad
968 3742 1146 3820 nativum
1164 3740 1308 3821 caelum

160 3849 310 3931 sursum
329 3850 520 3932 evibraret
535 3851 586 3945 se,
603 3852 855 3961 debitamque
870 3854 918 3931 ad
937 3853 1067 3932 sedem
1083 3872 1131 3933 et.
1138 3854 1312 3962 patriam

160 3981 441 4043 reverteretur:
474 3964 636 4072 proinde
654 3963 753 4045 nihil
774 3967 916 4045 merito
933 3964 1119 4044 recenseri
1139 3965 1246 4073 polle
1268 3967 1311 4046 in

159 4075 279 4154 causis
300 4074 435 4153 nostrae
454 4075 719 4171 beatitudinis,
740 4078 809 4157 nifi
837 4077 877 4156 id
904 4096 944 4156 et
971 4077 1080 4156 illam
1102 4077 1311 4186 sempiter-

159 4215 266 4280 nam,
287 4206 326 4264 et
347 4184 446 4265 hanc
465 4188 624 4267 civilem
644 4191 767 4269 vitam
794 4189 923 4296 aliqud
943 4189 1092 4269 ratione
1112 4189 1308 4299 respiciat.

159 4302 217 4378 Ea
236 4300 526 4408 propemodum
542 4300 735 4408 suffragiis
755 4303 937 4381 omnium
956 4300 1034 4380 sola
1054 4302 1110 4381 est
1127 4321 1310 4383 contem·

159 4412 295 4520 platin,
316 4412 393 4519 qua
414 4412 490 4491 sine
517 4413 744 4494 administro
770 4441 932 4523 corpore
959 4412 1115 4495 seducta
1140 4434 1180 4495 et
1199 4415 1308 4524 quafi
