2956 4980
168 243 243 342 196
399 228 561 323 Literae
586 231 780 323 Senatus
803 222 1080 355 Anglicani.

196 676 415 784 Serenffmo
435 676 614 788 Principi
627 678 772 783 Joanni
789 676 936 784 Qarto
951 674 1168 780 Lufitam'ae
1179 670 1287 782 Regi.

268 856 363 935 Uod
386 857 597 935 Oratorem
618 856 794 936 nostrum
814 873 853 935 et
876 852 1095 935 honorifice
1121 854 1308 963 acceperit

294 967 475 1076 Majestas
490 968 633 1075 Vestra,
645 987 685 1048 et
697 966 866 1074 benigne
884 967 1012 1046 statim
1027 967 1212 1061 audierit,
1225 966 1303 1044 nul·

163 1076 244 1156 lam
282 1080 607 1188 interponendam
645 1079 720 1158 effe
758 1106 912 1158 moram
955 1080 1177 1171 statuimus,
1215 1078 1298 1186 quin

165 1188 293 1269 alteris
313 1219 433 1298 quam
453 1189 630 1300 primirm
651 1191 773 1271 literis
793 1190 929 1271 nostris
950 1190 1204 1299 intelligeres,
1224 1218 1297 1298 gra-

38 1362 44 1373 .
164 1299 353 1381 tiffimum
373 1303 414 1381 id
433 1303 545 1383 nobis
559 1303 756 1396 accidiffe3
778 1303 923 1410 nosque
938 1300 1040 1381 nihil
1060 1304 1225 1382 sanetius
1239 1303 1297 1383 de-

163 1415 335 1508 crevisse,
348 1442 470 1521 quam
481 1443 635 1525 pacem,
647 1415 878 1507 amicitiam,
891 1416 1195 1508 commercium,
1206 1410 1295 1522 quod

164 1524 277 1615 nobis
294 1554 387 1606 cum
407 1528 450 1606 N
454 1529 648 1608 ationibus
670 1527 862 1635 plerisque
885 1528 1043 1620 exteris,
1067 1545 1108 1607 et
1133 1527 1297 1606 intereas

164 1664 257 1717 cum
271 1639 464 1743 Lufitam's
475 1639 560 1744 jam
580 1636 650 1719 dilr
666 1639 735 1732 est,
753 1639 863 1719 nullo
878 1638 1007 1718 nostro
1022 1637 1129 1719 dicto
1145 1657 1212 1719 aut
1230 1634 1298 1718 sac·

165 1767 220 1843 to,
244 1776 323 1829 non
347 1751 456 1858 prius
480 1752 655 1846 laceffiti,
677 1750 845 1845 violare3
877 1777 949 1831 nec
979 1750 1055 1830 alia
1084 1768 1219 1831 mente
1244 1765 1300 1830 aut

162 1859 323 1940 consilio
342 1861 497 1941 classem
517 1865 770 1972 Anglicanam
787 1858 889 1969 Tagi
904 1860 1079 1943 fluminis
1098 1862 1146 1943 ad
1167 1862 1299 1942 ostium
1345 1918 1348 1923 ·

163 1972 316 2066 mifisle,
334 1972 455 2079 quam
478 1973 606 2056 hostes
623 1977 709 2082 jam
730 1974 843 2055 toties
863 1972 1018 2081 fugatos
1043 1972 1301 2084 persequendi,
1349 1962 1351 1987 '

162 2083 296 2191 resque
310 2086 453 2166 nostras
468 2088 682 2196 repetendi,
699 2116 795 2196 quas
811 2113 881 2195 per
895 2086 979 2166 vim
991 2103 1031 2165 et
1046 2087 1305 2195 proditionem

162 2193 238 2275 suis
253 2196 424 2277 dominis
439 2198 598 2293 ablatas,
615 2200 802 2280 colluvies
817 2198 887 2277 ista
903 2196 1161 2307 perfugarum
1177 2198 1309 2279 vestras

162 2306 204 2386 in
225 2336 324 2404 oras,
344 2310 546 2421 ipsamque
564 2311 685 2392 etiam
700 2311 937 2420 Olfflponem,
957 2327 1145 2417 tanquam
1164 2312 1216 2391 ad
1232 2338 1311 2390 cer·

164 2420 322 2501 tiffimas
347 2423 540 2502 latrocinii
564 2423 620 2502 sui
646 2424 852 2516 nundinas,
877 2420 1099 2529 asportavit.
1158 2420 1313 2502 Verum

164 2531 226 2610 isti
246 2529 428 2614 homines
444 2535 554 2641 cujus
570 2536 752 2628 audaciae,
766 2532 921 2624 furoris,
934 2554 975 2613 et
990 2533 1143 2613 insaniae
1159 2533 1252 2628 fint,
1267 2561 1316 2612 ex

165 2642 337 2750 ipsorum
354 2647 529 2726 moribus
550 2646 849 2754 flagitiofiffimis
865 2672 1003 2726 omnes
1015 2647 1101 2752 jam
1117 2645 1224 2756 pene
1236 2649 1322 2726 Lu-

148 2754 295 2859 sttanos
313 2756 466 2837 abunde
482 2757 714 2867 perspexisse
735 2759 982 2839 arbitramur.
1044 2762 1141 2868 Qo
1157 2754 1319 2838 facilius

162 2863 184 2946 ὲ
204 2867 404 2976 Majestate
426 2869 556 2980 Vestra
576 2873 852 2979 impetraturos
876 2897 946 2949 nos
965 2868 1040 2948 esse
1059 2868 1319 2964 confidimus,

190 2977 338 3061 rimum
358 3002 402 3063 ut
417 2983 494 3062 Illu
523 2981 650 3088 rtffimo
671 2985 768 3062 Viro
791 2981 961 3063 Odoardo
973 2983 1173 3091 Poppamo,
1191 3010 1320 3092 quem

161 3008 257 3173 liuic
277 3121 385 3174 novae
410 3095 514 3175 clasli
538 3092 799 3204 praefecimus,
823 3094 966 3202 quibus
990 3114 1100 3202 potes
1124 3092 1243 3174 rebus
1267 3095 1321 3174 ad

161 3205 391 3314 praedatores
420 3205 535 3286 hosce
564 3206 815 3286 debellandos
843 3207 1068 3312 adjumento
1093 3205 1168 3284 esse
1199 3205 1320 3300 velis,

162 3335 285 3424 utque
305 3346 370 3397 eos
390 3346 484 3398 cum
503 3320 602 3398 duce
628 3317 710 3411 suo,
740 3345 819 3396 non
842 3315 1029 3427 hospites,
1059 3315 1124 3397 sed
1152 3317 1319 3426 piratas,

161 3456 240 3507 non
262 3449 509 3524 mercatores,
531 3430 594 3509 sed
613 3430 844 3511 commercii
863 3429 1003 3538 pestes,
1017 3427 1194 3537 jurisque
1214 3456 1323 3536 gen-

162 3541 264 3619 tium
283 3542 503 3636 violatores,
530 3542 631 3622 intra
658 3542 770 3648 regni
789 3541 905 3621 vestri
929 3560 1080 3651 portus,
1105 3558 1146 3620 et
1175 3541 1318 3620 muni-

161 3672 294 3735 menta
321 3652 470 3734 diutiirs
502 3654 704 3733 confistere
735 3681 783 3732 ne
815 3653 934 3746 finas;
970 3647 1034 3732 sed
1065 3652 1144 3759 qus
1177 3670 1322 3760 patent

161 3766 369 3871 Lusttaniae
388 3767 499 3859 fines,
528 3766 629 3846 terrai
654 3767 832 3873 marique
852 3763 948 3872 pelli
961 3762 1126 3868 jubeas:
1159 3763 1216 3843 fin
1237 3761 1320 3843 hoc

161 3877 307 3972 minias,
329 3898 373 3959 ut
392 3880 504 3958 nobis
525 3878 660 3958 saltem
687 3905 785 3986 pace
804 3876 928 3958 vestra
953 3875 1069 3955 liceat
1100 3872 1323 3958 defectores

159 3989 319 4083 nostros,
349 4008 388 4070 et
418 3990 813 4098 praedones-propriis
842 3988 1034 4067 duntaxat
1065 3986 1214 4066 viribus
1243 4013 1316 4094 ag·

159 4102 285 4210 gredi,
318 4121 371 4196 et,
408 4103 435 4182 sr
467 4104 577 4181 Deus
608 4101 774 4193 dederit,
807 4101 847 4179 in
881 4100 1051 4179 nostram
1077 4097 1317 4207 potestatem

159 4214 349 4322 redigere.
411 4215 504 4293 Hoc
528 4231 573 4292 ut
599 4213 793 4323 prioribus
817 4211 939 4291 literis
961 4208 1219 4290 vehementer
1244 4239 1316 4320 pe·

159 4329 335 4419 tivimus,
352 4326 402 4405 fic
415 4325 500 4431 jam
520 4325 626 4405 idem
642 4325 769 4404 studio
789 4325 966 4403 maximo
986 4341 1104 4431 atque
1124 4350 1246 4432 opere
1264 4321 1315 4402 ab

158 4439 359 4548 Majestate
382 4438 509 4548 Vestra
541 4438 827 4518 contendimus.
887 4437 979 4515 Hac
1009 4434 1084 4515 five
1113 4435 1326 4544 aequitate,'

159 4553 233 4633 slve
247 4550 454 4645 beneficio,
473 4579 550 4631 non
564 4549 724 4656 justitiae
739 4545 866 4629 solirm
882 4567 957 4629 tuae
972 4545 1122 4628 famam
1137 4574 1211 4658 per
1224 4574 1316 4628 om·
