2956 4980
157 220 240 298 440
442 160 735 268 Prolufiones
760 169 1000 267 Oratoriae.

159 376 397 457 unaquaeque
417 346 547 426 forma
565 346 766 426 constituit
784 343 984 423 essentiam
1000 340 1248 446 completam
1268 339 1306 415 in

159 489 301 568 genere
322 458 552 539 substantiae.
612 457 830 549 Postremo,
855 456 882 534 fi
906 457 947 533 in
974 451 1163 533 omnibus
1187 449 1309 559 parti-

161 574 232 652 bus
256 591 351 681 puta
370 570 544 650 bominis
567 570 854 679 plurificientur
878 566 1014 646 sormae
1038 564 1240 672 partiales,
1263 587 1311 638 ex

161 686 239 764 illis
255 702 359 763 certe
383 682 590 787 consurget
619 709 695 761 una
724 683 876 786 integra
904 677 1084 756 distincta
1107 675 1159 755 ab
1179 675 1312 753 anima

161 796 355 889 rationali,
369 794 472 873 unde
493 794 559 872 illa
578 794 666 890 erit,
680 814 748 872 aut
765 791 894 871 forma
910 777 1119 868 inanimati
1137 785 1205 866 seu
1223 813 1313 864 cor-

162 908 378 1017 poreitatis,
409 924 477 986 aut
507 903 698 985 mistionis
730 906 867 1011 (quam
892 920 1029 1011 praeter
1059 900 1238 986 animam
1274 898 1314 974 in

163 1019 326 1098 homine
345 1019 428 1097 dari
449 1016 535 1096 sane
556 1017 658 1095 ultra
684 1044 804 1124 quam
829 1011 1016 1094 credibile
1040 1012 1114 1116 est)
1139 1010 1205 1090 vel
1238 1009 1314 1087 erit

163 1131 295 1210 anima
314 1129 502 1221 sensitiva,
524 1146 592 1206 aut
611 1129 843 1233 vegetativa,
863 1125 939 1205 hoc
959 1141 1091 1202 autem
1110 1122 1314 1201 affirman-

165 1260 246 1321 tem
263 1240 371 1319 nullo
387 1238 508 1320 modb
522 1240 655 1319 audiat
666 1239 854 1319 eruditior
865 1235 1008 1317 chorus
1021 1230 1313 1343 Philosophan-

165 1354 292 1445 tium;
332 1352 442 1457 cujus
481 1352 537 1430 rei
574 1350 759 1460 ampliori
796 1348 1026 1459 probatione
1068 1345 1313 1454 supersedeo,

166 1466 355 1572 quoniam
379 1465 420 1542 in
446 1461 616 1543 confesso
640 1462 710 1555 est,
736 1489 809 1541 nec
834 1459 1050 1540 admodum
1080 1457 1236 1539 accedit
1266 1456 1315 1534 ad

166 1577 321 1685 apicem
340 1573 472 1654 causae.
531 1577 699 1667 Verum,
714 1573 821 1681 quod
836 1591 956 1682 caput
967 1568 1315 1664 estcontroverfiae,

168 1687 359 1791 objiciunt
377 1685 596 1779 adversarii,
625 1704 779 1795 partem
804 1683 853 1764 ab
876 1682 1035 1763 animali
1066 1700 1318 1789 amputatam

169 1826 369 1878 remanere
398 1801 486 1878 adu
510 1798 597 1906 post
619 1798 914 1907 separationem,
941 1822 1018 1874 non
1046 1821 1117 1902 per
1143 1790 1318 1872 sormam

170 1909 290 1989 totius
309 1935 402 1986 cum
424 1908 468 1988 fit
488 1927 599 1988 extra
619 1928 762 2001 totum,
791 1936 863 1987 nec
888 1934 957 2015 per
983 1903 1154 1984 sormam
1180 1931 1318 1983 recens

170 2019 413 2127 acquifitam,
434 2048 528 2100 cum
549 2021 704 2099 nullum
724 2020 820 2100 adfit
838 2046 970 2126 agens,
991 2017 1098 2095 nulla
1117 2016 1322 2125 percepti-

170 2131 260 2210 bilis
280 2131 396 2225 αᾶἱο,
416 2131 523 2211 nulla
542 2133 682 2240 praevia
703 2133 902 2224 alteratio;
934 2157 1043 2236 ergo,
1074 2131 1163 2206 anu
1183 2128 1322 2206 existit

170 2270 242 2351 per
261 2240 433 2322 formam
451 2246 650 2353 propriam
670 2272 788 2352 quarn
804 2245 912 2351 prius
927 2239 1111 2331 habebat,
1123 2238 1225 2318 dum
1237 2262 1323 2319 erat

173 2382 250 2433 una
270 2354 310 2433 in
331 2373 428 2435 toto.
488 2357 622 2463 Atque
646 2355 723 2434 hoc
743 2373 975 2461 argumento
995 2353 1157 2431 arietare
1182 2351 1222 2430 se
1244 2380 1321 2462 pu-

172 2482 256 2544 tant
274 2466 427 2544 causam
449 2466 618 2546 nostram
637 2486 677 2546 et
696 2466 872 2547 funditus
888 2483 1083 2545 evertere:
1117 2463 1322 2543 Caeterum

172 2602 251 2655 non
286 2579 417 2655 minus
448 2606 537 2656 vere
568 2608 688 2686 quam
715 2579 926 2686 vulgariter
957 2577 1052 2655 solet
1080 2575 1324 2683 responderi,

171 2685 343 2766 formam
371 2688 418 2766 de
439 2716 542 2767 novo
562 2691 752 2796 genitam,
784 2718 878 2769 cum
902 2688 1081 2767 viliffima
1105 2687 1150 2765 fit
1178 2706 1322 2796 utpote

172 2798 382 2893 cadaveriS,
413 2818 453 2878 et
480 2803 586 2908 quasr
617 2803 679 2881 via
710 2802 757 2880 ad
787 2801 1076 2893 resolutionem,
1107 2818 1214 2878 certe
1247 2828 1324 2879 nec

173 2911 346 2989 multum
368 2913 571 3019 temporis,
599 2942 670 2992 nec
690 2913 953 3020 disposrtiones
975 2911 1130 3003 multas,
1158 2936 1232 2990 nec
1253 2940 1321 2991 or-

172 3022 347 3102 dinatam
386 3013 664 3103 alterationem
694 3022 920 3131 efflagitare.
981 3023 1092 3133 Qid
1129 3023 1156 3101 fi
1196 3024 1321 3102 etiam

172 3132 283 3212 causa
297 3134 427 3241 aliqua
444 3136 665 3216 universalis
684 3154 888 3215 concurrat
907 3163 999 3214 curn
1016 3135 1201 3242 proximo
1215 3152 1322 3214 tem-

173 3266 402 3352 peramento
431 3248 478 3325 ad
509 3248 769 3327 inducendam
798 3247 1114 3354 qualemcunque
1144 3243 1322 3326 sormam

173 3382 222 3434 ne
253 3360 416 3437 materia
447 3361 660 3467 reperiatur
682 3360 829 3438 vacua?
866 3359 988 3466 Qrod
1016 3375 1148 3437 autem
1179 3359 1322 3436 multi-

173 3466 295 3574 plices
314 3469 485 3547 visantur
505 3473 544 3548 in
565 3472 725 3550 animali
744 3472 1002 3578 operationes
1029 3470 1068 3549 id
1094 3496 1172 3546 non
1193 3466 1216 3548 a
1235 3467 1321 3549 for-

173 3578 248 3656 mis
268 3577 457 3657 distinctis
477 3581 704 3688 partialibus
725 3582 942 3690 petendum
954 3581 1024 3674 esi,
1039 3580 1102 3660 sed
1114 3581 1163 3658 ab
1177 3582 1322 3659 animae

173 3689 302 3768 totalis
315 3691 542 3783 eminentia,
557 3721 643 3799 quae
657 3694 819 3800 quidem
835 3693 1060 3801 aequipollet
1079 3690 1218 3771 formis
1233 3692 1321 3800 spe·

171 3805 232 3881 cie
252 3801 455 3884 distinetis.
516 3803 682 3900 Caeteras
703 3832 787 3911 quae
806 3824 1030 3896 occurrunt,
1053 3804 1207 3882 levioris
1228 3833 1327 3882 mo·

172 3914 298 3992 menti
312 3914 548 4019 objectiones
561 3944 610 3995 ex
622 3916 837 4025 composrto
853 3917 1046 4025 praeterire
1064 3915 1173 4006 libet,
1190 3943 1320 4022 neque

172 4026 280 4103 enim
304 4025 511 4132 jugulant;
540 4027 767 4135 faciliusque
796 4030 983 4120 amoveri,
1008 4049 1048 4107 et
1073 4027 1317 4106 luculentius

171 4136 351 4242 redargui
372 4156 571 4244 poterunt,
600 4139 626 4217 s1
647 4138 746 4219 sorte
767 4140 867 4218 inter
890 4139 1165 4248 disputandum
1188 4139 1319 4246 prola-

171 4267 217 4326 tae
242 4245 390 4328 suerint
413 4250 453 4326 in
482 4251 673 4330 medium.
737 4257 990 4362 rounque
1015 4280 1075 4331 res
1100 4249 1232 4330 redeat
1258 4269 1329 4329 ta·-

170 4359 281 4438 metsr
301 4386 375 4467 ego
395 4361 508 4440 causa
529 4362 680 4455 cadam,
700 4363 809 4441 causa
830 4390 907 4442 non
928 4363 1064 4443 cadet:
1097 4363 1185 4443 satis
1206 4364 1317 4439 enim
