2956 4980
201 211 320 342 Cap.
348 254 413 336 17.
525 212 712 313 Plenior
739 216 985 317 Institutio,
1274 262 1322 343 53

285 427 433 536 Semper
451 429 526 508 eris
537 446 697 538 pauper,
702 432 748 535 st
756 450 904 540 pauper
922 462 971 526 es,
992 433 1192 512 AEmiliane
1204 463 1218 510 .·

283 541 447 619 Dantur
464 558 545 648 opes
564 543 674 622 nullis
692 572 803 637 nunc,
824 545 894 648 nfi
909 543 1100 625 divitibus.

225 726 320 805 Vita
342 745 382 806 et
401 755 522 821 mors,
543 747 587 806 ut
602 728 643 805 in
657 729 868 810 Miloniana
880 761 894 807 .·
925 728 1036 836 hujus
1051 729 1322 832 mortisstdetis
1449 776 1454 786 ·

164 837 317 931 ultores,
333 838 439 944 cujus
454 839 588 931 vitam,
595 840 640 945 ſs
649 841 792 948 putetis
804 860 956 950 pervus
974 841 1121 950 restitui
1128 838 1237 948 poffi,
1257 870 1319 920 no-

165 948 258 1027 litis.
319 952 424 1030 Item
450 950 559 1058 loqui
587 972 627 1030 et
657 971 805 1033 tacere:
842 982 855 1033 1
893 944 1009 1032 Catil.
1036 953 1127 1063 quid
1150 956 1320 1059 expedias

163 1062 428 1142 austeritatem
451 1063 684 1171 loquentium,
705 1093 857 1173 quorum
876 1065 1101 1144 voluntatem
1120 1065 1319 1144 tacitorum

157 1172 352 1282 perspicis.
394 1176 543 1253 Caetera
558 1179 741 1284 exempla
756 1205 842 1284 quae
861 1178 1002 1255 Ramus
1021 1178 1165 1270 attulit,
1187 1177 1317 1257 minus

164 1286 382 1391 quadrant:
414 1305 459 1366 ut
485 1287 614 1366 ebrius
640 1307 679 1366 et
707 1287 869 1380 sobrius,
890 1289 1063 1368 mortalis
1089 1307 1128 1368 et
1151 1290 1317 1369 immor·

166 1398 269 1491 talis,
282 1426 368 1505 quae
386 1399 517 1506 potius
537 1398 692 1478 adversa
711 1395 822 1478 sunta
872 1400 1017 1506 Neque
1035 1401 1143 1479 enim
1162 1400 1200 1479 in
1222 1428 1315 1507 prae-

161 1509 304 1617 pofitio
325 1511 365 1588 in
384 1508 610 1618 compofitis
630 1512 889 1619 privationem
911 1511 1076 1619 semper,
1096 1511 1159 1589 sed
1179 1511 1316 1589 adver-

164 1620 249 1700 sum
280 1619 462 1701 habitum
495 1621 590 1730 saepe
621 1622 833 1729 fignificat;
865 1623 967 1702 unde
1005 1651 1076 1702 nec
1109 1642 1317 1730 peccatum

162 1734 427 1841 privationem
456 1732 530 1812 esse
557 1735 754 1829 dixerim3
787 1736 978 1844 siquidem
1010 1732 1086 1815 hoc
1121 1737 1182 1815 vel
1217 1735 1315 1814 illud

162 1866 373 1954 peccatum
395 1845 469 1924 five
490 1846 646 1938 vitium,
668 1847 835 1956 privatio
860 1874 938 1926 non
965 1846 1033 1926 est.
1091 1848 1227 1955 Atque
1257 1845 1316 1927 hae

162 1957 328 2064 quidem
355 1958 500 2067 species
527 1960 812 2037 contrariorum
841 1958 939 2040 sunt.
1001 1960 1076 2037 Sed
1103 1960 1222 2066 quaeri
1249 1957 1315 2038 hic

162 2069 275 2164 solet,
290 2098 469 2177 quaenam
487 2097 622 2148 earum
643 2071 715 2148 sint
730 2069 905 2149 maxime
922 2071 1023 2150 inter
1043 2070 1079 2148 se
1099 2073 1312 2151 contraria.

163 2183 380 2290 Aristoteles
412 2183 631 2261 maximam
664 2184 980 2261 contrarietatem
1014 2210 1117 2262 nunc
1153 2184 1315 2262 adversis

165 2294 318 2389 tribuit,
344 2300 448 2373 nunc
474 2294 843 2374 contradicentibus.
906 2296 980 2374 Sed
1003 2295 1158 2373 videtur
1186 2296 1314 2373 maxi-

162 2435 272 2486 mam
292 2405 366 2485 esse
385 2405 654 2485 dissensionem
682 2408 782 2485 inter
802 2408 1021 2515 privantia:
1053 2407 1192 2486 deinde
1213 2408 1314 2485 inter

162 2517 341 2612 adversa;
372 2520 568 2598 minorem
581 2515 708 2597 adhuc
724 2519 824 2597 inter
838 2518 1165 2613 contradicentia;
1196 2519 1315 2598 mini-

160 2659 271 2713 mam
288 2631 389 2710 intcr
405 2631 547 2709 relata:
581 2658 672 2709 nam
687 2630 806 2709 relata
823 2652 982 2740 propter
1002 2631 1110 2710 illam
1132 2651 1312 2712 mutuam

161 2743 427 2837 affectionem,
440 2743 584 2850 partim
600 2741 852 2822 consentanea
869 2742 955 2822 sunt
971 2773 979 2821 :
1011 2745 1314 2823 contradicentia

160 2854 259 2965 pure
275 2856 439 2962 quidem
451 2856 642 2933 contraria
655 2856 836 2960 negantia
853 2853 954 2947 sunt,
971 2855 1033 2933 sed
1050 2874 1179 2934 tamen
1193 2883 1313 2963 prop-

161 2989 220 3047 ter
241 2965 437 3046 infinitam
458 2966 569 3045 illam
590 2968 854 3072 negationem,
875 2995 946 3073 pro
967 2968 1106 3046 mediis
1126 2986 1165 3044 et
1185 2965 1313 3072 dispa-

159 3080 254 3159 ratis
285 3080 420 3158 crebro
451 3079 712 3186 accipiuntur,
745 3098 789 3156 ut
821 3105 898 3157 non
929 3078 1102 3156 calidum
1127 3106 1203 3156 non
1232 3096 1314 3158 tam

159 3192 377 3299 opponitur
395 3190 522 3270 calido
543 3187 662 3296 quam
680 3187 871 3297 frigidum
886 3220 895 3282 ;
918 3191 1107 3298 quoniam
1125 3217 1201 3269 non
1216 3191 1312 3269 cali-

158 3304 259 3383 dum
284 3303 408 3410 potest
432 3303 611 3411 tepidum
638 3300 735 3394 effe;
768 3302 818 3380 fic
842 3329 918 3380 non
947 3302 1112 3393 bonum,
1135 3303 1312 3381 medium

158 3415 352 3525 quiddam
378 3414 451 3493 effe
480 3413 605 3522 potest
630 3431 669 3492 et
693 3411 979 3522 adiaphorum:
1012 3441 1088 3493 non
1109 3413 1244 3493 album
1263 3416 1312 3493 de

158 3526 280 3607 rubro
299 3528 378 3606 dici
395 3546 461 3605 aut
474 3525 644 3631 intelligi
659 3525 808 3632 potest:
840 3524 994 3604 adversa
1010 3524 1030 3604 ὲ
1044 3527 1202 3632 regione
1220 3527 1311 3634 qui-

158 3641 253 3719 dem
280 3638 550 3731 adversantur;
582 3663 659 3715 non
690 3638 742 3715 ita
772 3656 917 3729 tamen,
938 3641 1034 3744 quin
1065 3638 1312 3718 commisceri

158 3770 328 3859 queant:
359 3751 550 3859 privantia
574 3746 666 3826 verb
697 3750 932 3828 mixtionem
963 3776 1041 3827 non
1073 3749 1309 3844 admittunt;

159 3884 200 3943 et
221 3865 386 3972 privatio
407 3858 487 3940 sere
507 3859 562 3939 est
583 3858 1068 3968 habitfisextinctioatque
1081 3863 1229 3968 ereptio
1246 3883 1312 3941 aut

159 3977 297 4055 saltem
323 3973 565 4063 deficientia;
598 3967 828 4079 habitusque
855 3973 910 4051 est
938 4000 1019 4063 ens,
1041 3974 1207 4080 privatio
1233 4003 1311 4053 non

158 4115 252 4183 ens;
283 4087 365 4167 enti
384 4103 517 4164 autem
539 4080 653 4176 nihil,
672 4083 780 4191 aeque
801 4111 845 4163 ac
870 4113 948 4164 non
968 4111 1050 4178 ens,
1070 4087 1310 4165 contrarium

159 4201 229 4281 est.

217 4309 293 4391 Sed
307 4303 604 4416 dffntaneorum
624 4307 812 4413 categoria
825 4308 887 4413 fic
905 4308 966 4417 est,
989 4307 1081 4388 unde
1101 4305 1247 4417 qutu'uis
1263 4306 1311 4386 ab

157 4427 276 4505 altero
295 4419 448 4529 dffrre
466 4419 622 4529 quolibet
639 4420 736 4500 modo
750 4419 867 4527 pofflt.
