2956 4980
143 154 225 233 214
376 116 539 211 L'iterae
565 120 756 209 Senatus
782 109 1053 242 Anglicani.

142 318 235 370 cum
255 290 453 370 audiretur
471 299 523 386 T}
548 287 665 393 hujus
685 287 825 367 menfis
843 288 984 390 *Vestra
1004 283 1192 365 exhibuit
1211 285 1293 363 Ex-

142 403 337 496 cellentia,
372 402 420 481 ad
451 402 560 481 binas
592 401 677 479 illas
709 398 904 479 chartulas
937 396 1186 508 Responsum
1220 393 1296 474 hoc

145 515 296 595 reddit:
324 514 619 593 Parlamentum
636 512 825 621 Reipubl.
843 512 999 619 Angliae
1017 510 1177 592 firmam
1196 507 1297 589 ami·

144 627 280 706 citiam
300 627 524 734 bonamque
544 653 698 734 pacem,
714 653 800 733 quae
819 622 913 702 huic
934 622 1110 732 Reipub.
1127 621 1186 701 est
1204 647 1300 699 cum

145 739 429 848 Hispaniarum
449 739 578 843 Regia
597 737 804 842 Majestate
832 735 1083 819 conservandi
1111 732 1300 844 percupi-

146 850 257 945 dum,
278 878 328 929 ex
348 878 428 958 quo
449 851 554 929 idem
579 846 758 958 primum
778 850 902 955 Regis
923 848 1096 957 praedidii
1115 848 1299 927 animum

146 963 288 1043 eodem
307 963 492 1041 inclinare
509 963 755 1041 Excellentia
766 961 903 1041 Vestra
923 959 1170 1068 fignificavit,
1186 984 1301 1066 para-

148 1093 235 1153 tum
255 1074 407 1183 semper
423 1072 535 1153 fuisse
563 1103 650 1153 eam
677 1073 880 1180 utriusque
899 1075 1027 1181 gentis
1050 1071 1157 1151 bono
1176 1096 1301 1178 quam

148 1185 324 1266 maxime
344 1186 499 1266 firmare
519 1212 564 1265 ac
584 1185 767 1267 stabilire.
818 1185 944 1294 quue
960 1184 1193 1266 Concilium
1214 1184 1301 1261 Sta-

150 1319 211 1379 tus
232 1299 472 1379 Parlamenti
492 1300 651 1377 nomine
671 1316 789 1405 atque
809 1297 994 1377 mandato
1014 1296 1089 1377 suis
1107 1293 1301 1377 chartulis

148 1412 354 1520 aliquoties
375 1411 630 1490 Excellentiae
649 1411 795 1490 Vestrae
817 1408 1121 1503 demonstravit3
1152 1426 1195 1486 et
1214 1406 1301 1516 spe-

148 1524 298 1616 ciatim,
336 1544 454 1631 prout
484 1523 729 1602 Excellentia
764 1522 902 1602 Vestra
934 1522 1138 1631 petiverat,
1174 1520 1302 1599 Com·

149 1635 336 1714 missarios
383 1636 545 1742 delegit,
583 1663 669 1743 quae
715 1652 756 1713 et
794 1633 1080 1719 Excellentiam
1119 1631 1302 1713 Vestram

148 1748 416 1839 convenirent,
433 1747 482 1826 ab
502 1774 624 1853 eaque
644 1745 879 1855 acciperent,
897 1774 983 1854 quae
1001 1747 1049 1826 ad
1070 1744 1303 1854 praedistum

150 1858 273 1938 finem
291 1858 551 1938 conducentia
572 1878 907 1970 proponerentur;
937 1860 1080 1967 quoin
1101 1876 1301 1941 conventu

149 1998 288 2049 eorum
307 1969 395 2049 loco
414 1972 762 2080 proponendorum
781 1970 907 2051 visum
924 1969 980 2050 est
1000 1970 1111 2050 nobis
1135 1995 1301 2076 genera-

152 2083 225 2161 tim
237 2083 430 2190 quaedam,
445 2084 552 2191 quasi
566 2082 700 2163 futuro
714 2085 855 2192 praevia
869 2084 1084 2190 colloquio,
1097 2079 1303 2173 exhibere,

151 2195 199 2274 de
219 2194 362 2302 quibus
376 2196 560 2275 Concilio
575 2196 793 2288 videbatur,
810 2196 1105 2281 Parlamentum
1124 2194 1197 2301 qui
1217 2192 1304 2275 suus

151 2306 243 2387 esset
261 2307 388 2387 sensus
414 2307 558 2387 chartis
585 2306 780 2416 prioribus
800 2309 965 2416 planum
982 2305 1138 2387 fecisse:
1171 2326 1305 2386 tamen

152 2447 231 2526 quo
251 2417 490 2499 cumulatius
511 2420 722 2513 satisfieret,
744 2440 865 2527 utque
886 2418 1140 2500 Excellentiae
1155 2417 1305 2498 Vestrae

152 2557 280 2637 nequa
298 2530 490 2610 dubitatio
518 2532 675 2612 restaret
701 2533 748 2612 iis
776 2533 824 2612 de
852 2532 966 2613 rebus
985 2560 1072 2640 quae
1097 2549 1186 2611 tum
1213 2557 1305 2640 pro·

153 2643 345 2749 posuerat,
368 2644 598 2722 Concilium
625 2645 666 2722 in
690 2673 735 2723 ea
761 2641 939 2725 chartula
958 2672 1044 2753 quae
1064 2640 1196 2771 {gffl}
1215 2645 1306 2722 data

152 2771 208 2850 est
229 2789 407 2879 paratum
428 2770 465 2850 se
485 2771 559 2850 esse
587 2771 759 2852 ostendit
783 2799 877 2851 cum
898 2773 1146 2852 Excellentia
1165 2772 1308 2852 Vestra

153 2885 194 2961 in
213 2884 473 2992 Colloquium
490 2886 621 2962 venire
642 2884 689 2963 iis
707 2885 757 2964 de
777 2885 891 2965 rebus
905 2914 992 2994 quae
1011 2881 1033 2963 ὲ
1049 2885 1309 2993 parte'Regiae

154 2996 371 3101 Majestatis
391 2997 578 3104 praedictae
598 2997 639 3073 in
659 2997 851 3076 mandatis
868 2996 1029 3077 haberet
1044 2994 1125 3076 tim
1140 2997 1191 3076 de
1211 2995 1310 3106 pris-

155 3109 236 3187 tina
260 3109 434 3187 amicitia
458 3106 579 3215 quim
607 3110 657 3187 de
685 3111 837 3190 actione
866 3109 1011 3202 futura,
1032 3110 1080 3188 de
1108 3110 1156 3189 iis
1184 3111 1308 3189 etiam

154 3248 240 3327 quae
270 3217 292 3297 ὲ
323 3220 435 3299 nobis
461 3219 576 3325 hujus
603 3221 778 3329 Reipub.
810 3225 972 3302 nomine
997 3221 1307 3316 exhiberentur3

154 3358 326 3437 cumque
346 3333 393 3410 ad
413 3332 558 3438 fingula
574 3332 772 3414 veniretur
790 3361 850 3427 ea,
862 3362 948 3441 quae
965 3362 1033 3441 par
1049 3334 1155 3428 esset,
1170 3334 1309 3443 resque

155 3443 380 3551 postularet,
409 3443 583 3554 responsa
610 3445 725 3524 dare:
756 3445 804 3524 ad
829 3473 915 3552 quae
934 3445 1060 3526 visum
1085 3446 1142 3525 est
1161 3447 1311 3527 Excel-

155 3555 283 3635 lentiae
313 3555 457 3634 Vestrae
488 3554 659 3635 nihilum
691 3556 920 3667 respondere
952 3586 1080 3668 neque
1110 3585 1180 3666 per
1212 3558 1310 3639 duos

157 3696 255 3776 pene
276 3667 424 3747 menses
444 3668 483 3745 in
504 3696 550 3746 ea
570 3696 610 3746 re
630 3668 792 3748 ulterius
813 3670 1011 3777 progredi.
1043 3668 1306 3777 Vestramque

156 3776 373 3859 chartulam
394 3779 507 3908 ’Ξςξζζζὶ
534 3782 581 3860 16
587 3805 653 3886 52·
668 3780 799 3860 datam
817 3781 1048 3861 Concilium
1066 3809 1118 3860 err
1137 3809 1185 3861 eo
1205 3801 1309 3861 tem·

157 3935 252 4015 pore
272 3910 442 4015 primam
458 3909 505 3988 ab
522 3908 767 3989 Excellentia
783 3911 921 3990 Vestra
937 3911 1102 4020 accepit,
1124 3911 1163 3988 in
1183 3938 1309 4021 eaque

158 4016 233 4097 hoc
251 4018 375 4097 solum
393 4021 624 4128 proponitis,
641 4023 699 4100 uti
718 4024 823 4129 pacis
844 4043 961 4131 atque
976 4022 1133 4102 foederis
1153 4024 1310 4105 articuli

157 4132 257 4210 inter
273 4131 448 4211 carolum
460 4134 596 4240 Regem
609 4160 804 4241 nuperum
818 4135 1069 4242 vestrumque
1083 4135 1311 4215 Dominum

156 4252 206 4339 5}
224 4241 446 4324 Novembris
466 4247 585 4351 1630.
607 4245 710 4353 pasti
731 4245 861 4326 denub
882 4266 1173 4358 percurrantur,
1187 4266 1311 4356 utque
