2956 4980
378 223 540 321 Literae
566 223 760 325 Oliverii
784 228 1076 380 Protedoris.
1227 264 1307 351 297

157 667 361 751 Oliverius
394 674 594 755 Protellor
622 677 731 786 Reip.
763 678 935 787 Angliae,
969 678 1048 758 &a
1075 676 1314 788 Amplffmis

201 781 425 890 'Corfidibus
435 815 483 866 ac
496 788 735 869 Senatoribus
748 791 857 900 Reip.
873 790 1126 885 Gedanenfis,
1139 792 1180 869 S.
1190 791 1311 871 P.D.

243 948 504 1057 Ampliffimi,
526 951 727 1058 magnifici
746 953 836 1046 viri,
855 952 974 1032 amici
991 949 1228 1046 chariffimi3

270 1072 401 1152 Rbem
428 1075 594 1154 vestram
619 1074 823 1170 industrid,
840 1074 983 1185 opibus
1003 1094 1043 1154 et
1066 1075 1311 1184 optimarum

294 1186 440 1265 artium
461 1185 596 1266 studiis
616 1185 820 1266 florentem
840 1215 934 1276 cum
956 1187 1201 1267 nobiliffimis
1221 1188 1312 1294 qui-

158 1293 310 1404 busque
329 1297 491 1378 urbibus
518 1297 671 1408 semper
697 1298 770 1378 esse
799 1300 987 1379 duximus
1006 1297 1309 1381 conserendam:

157 1434 266 1487 nunc
291 1408 544 1518 posteaquam
567 1412 608 1489 in
632 1409 710 1490 hoc
733 1411 853 1505 bello,
873 1412 980 1519 quod
1005 1411 1139 1490 vestris
1158 1409 1312 1515 jamdiu

133 1519 201 1599 ·in
222 1519 364 1600 finibus
384 1523 549 1629 geritur,
572 1524 791 1604 Polonorum
811 1523 920 1631 sequi
940 1542 1067 1632 partes
1081 1518 1203 1631 quim
1220 1526 1314 1603 Sue·

158 1660 286 1713 corum
305 1634 509 1731 maluistis,
527 1634 615 1715 sane
630 1657 669 1714 et
687 1636 907 1743 Religionis
922 1635 1035 1714 causd
1051 1661 1171 1743 quam
1184 1635 1313 1714 colitis
1373 1722 1376 1727 ¹

158 1763 202 1825 et
221 1748 467 1841 commercii,
487 1750 595 1856 quod
614 1775 708 1828 cum
724 1747 866 1855 Anglis
881 1746 1076 1826 vetustum
1091 1746 1176 1852 jam
1192 1744 1314 1841 haber

161 1857 227 1952 tis,
247 1860 470 1966 optavimus
490 1879 535 1939 ut
548 1888 593 1939 ea
606 1859 717 1940 vobis
734 1861 908 1939 maxime
925 1859 1083 1940 consrlia
1101 1857 1314 1968 placerent,
1396 1884 1398 1888 “

160 1995 251 2076 quae
281 1996 389 2050 cum*
407 1971 491 2051 Dei·
518 1972 643 2078 gloria
675 1970 856 2080 urbisque
887 1972 1019 2051 vestrae
1049 1972 1239 2078 dignitate
1270 1999 1315 2051 ac

159 2081 366 2190 splendore
385 2084 611 2164 viderentur
634 2084 709 2163 esse
734 2084 1057 2190 conjunctissima.
1117 2083 1316 2194 roirca

162 2195 339 2304 petimus
359 2224 430 2305 pro
446 2198 621 2276 amicitia
635 2225 721 2305 quae
735 2196 844 2276 vobis
860 2224 954 2276 cum
970 2195 1182 2303 Anglorum
1200 2197 1317 2276 Gente

161 2305 295 2389 multo
315 2307 383 2388 usu
404 2307 557 2389 firmata
569 2309 725 2416 jamdiu
744 2307 907 2403 constat,
934 2326 973 2386 et
997 2308 1103 2416 srqua
1128 2308 1168 2385 in
1192 2308 1317 2415 gratia

165 2420 273 2527 apud
300 2448 369 2500 vos
397 2421 573 2501 nostrum
603 2449 761 2530 quoque
792 2448 937 2500 nomen
967 2419 1037 2514 est,
1058 2438 1102 2498 ut
1125 2419 1317 2527 insignem

164 2531 269 2612 inter
284 2533 433 2640 primos
450 2534 648 2614 Suecorum
664 2535 793 2615 Duces
807 2532 1093 2638 Conismarcum,
1110 2532 1317 2640 egregium

164 2642 377 2750 pr'aesertim
406 2644 511 2725 bello
541 2647 686 2740 virum,
720 2645 808 2726 casu
837 2664 877 2724 et
906 2646 1065 2724 suorum
1097 2645 1318 2753 proditione

165 2757 267 2834 mari
291 2757 554 2867 interceptum
580 2756 676 2836 belli
696 2759 797 2867 lege,
823 2785 900 2836 non
925 2755 1165 2837 acerbiffime
1190 2753 1318 2836 adhuc

165 2867 280 2978 gesti,
300 2869 500 2949 dimittere
520 2871 662 2963 velitis,
680 2870 732 2948 sm
752 2871 790 2949 id
809 2870 939 2949 minus
956 2869 1088 2948 vestris
1107 2867 1320 2948 rationibus

168 2983 379 3060 convenire
400 2980 659 3075 arbitramini,
681 3003 725 3062 ut
749 2983 895 3061 leniore
917 2980 1052 3061 saltem
1073 3008 1117 3060 ac
1137 2979 1319 3059 liberiore

166 3092 342 3173 custodit
361 3091 587 3174 habendum
611 3094 809 3174 censeatis.
870 3096 1020 3172 Utrum
1044 3091 1189 3171 horum
1208 3091 1319 3173 vobis

166 3202 394 3285 faciendum
425 3207 685 3300 decreveritis,
718 3208 757 3286 id
788 3204 963 3316 profecto
991 3204 1187 3314 imprimis
1210 3205 1317 3312 quod
1439 3214 1446 3222 ’

166 3316 457 3399 existimatione
488 3318 595 3400 urbis
629 3318 760 3398 vestrae
790 3318 957 3426 dignum
990 3317 1045 3397 est
1076 3317 1317 3412 decernetis;

168 3429 311 3509 deinde
336 3430 384 3510 ab
409 3432 593 3512 omnibus
612 3432 803 3541 praeclaris
829 3431 924 3509 belli
947 3430 1112 3511 ducibus
1134 3457 1320 3538 magnam

167 3544 336 3649 gratiam
357 3544 529 3639 inibitis;
561 3570 630 3623 nos
650 3543 834 3652 denique,
880 3543 1043 3651 uicquid
1062 3544 1103 3622 id
1118 3542 1241 3622 vestra
1256 3543 1320 3622 in-

169 3653 304 3734 teresse
327 3658 487 3765 putatis,
508 3655 613 3736 haud
639 3656 830 3735 mediocri
851 3573 942 3737 iane
965 3653 1157 3734 beneficio
1181 3654 1320 3734 devin-

168 3786 296 3848 cretrs.
970 3841 973 3845 .

227 3896 293 3974 Ex
312 3894 420 3974 Aula
438 3893 560 4003 nostra
578 3891 898 4001 Wcssmonasterio,

370 4006 521 4116 Aprilis
538 4036 602 4086 an.
631 4006 750 4112 1657.

284 4117 514 4199 Vestrarum
533 4117 841 4227 amplitudinum
861 4114 1178 4209 StudiofiffimuS,

421 4230 614 4312 Oltberius
634 4231 835 4311 Protector
856 4226 1029 4338 Reipub.
1051 4228 1221 4337 Angliae,
1242 4231 1317 4309 διε.
