2956 4980
86 158 361 379 Cap.14.x
402 246 591 345 Plenior
617 240 865 340 Institutio.
1152 284 1206 366 47

109 422 242 532 Atqui
261 443 521 531 argumentum
540 422 630 503 talis
653 421 842 502 relationis
864 422 1093 502 contrarium
1116 422 1214 503 nihil

50 532 181 629 habet,
194 534 299 616 immo
315 537 447 644 arguit
465 554 613 615 mutuas
630 533 784 640 causas:
806 552 850 613 ut
870 534 955 613 sum
974 552 1062 614 tuus
1078 554 1208 643 pater;

53 664 165 726 tues
196 648 321 755 igitur
344 677 456 728 meus
480 648 600 727 filius.
660 649 721 725 At
747 676 858 756 quum
882 645 973 739 dico,
1001 646 1087 726 sum
1121 666 1210 727 tuus

52 776 180 868 pater,
202 788 282 840 non
301 763 425 869 igitur
445 761 532 840 sum
552 778 640 839 tuus
660 759 778 854 filius,
803 778 883 839 tum
909 758 1102 839 contraria
1121 758 1210 838 vert

39 871 164 977 stunt3
187 893 307 981 atque
326 901 378 953 ex
398 873 478 981 ipsa
496 873 660 981 quidem
680 869 754 950 hac
774 891 913 951 mutua
932 872 1133 950 relatione.

345 1259 470 1338 CAP.
497 1258 591 1337 XV.
652 1259 716 1338 De
735 1257 929 1365 Adverfis.

136 1452 179 1522 *a
203 1444 211 1452 ’
242 1431 412 1538 Dversa
420 1431 518 1540 stant
533 1432 726 1512 contraria
745 1431 987 1539 affirmantia,
1013 1434 1214 1543 quainter

74 1626 81 1653 ‚
123 1542 169 1601 (Ἀ
269 1543 401 1650 stvel
398 1563 441 1624 ut
458 1545 478 1625 i
496 1545 640 1650 regione
654 1541 755 1650 absol
752 1544 814 1624 ute
830 1542 1096 1652 adversantur

73 1764 81 1775 ’
132 1746 151 1795 ἰ
205 1790 233 1807 ’
229 1728 396 1877 picis.
457 1771 558 1849 Sunt
574 1768 781 1863 contraria,
808 1770 902 1876 quia
928 1798 1066 1849 eorum
1090 1797 1214 1849 unum

61 1883 131 1961 uni
155 1899 312 1960 tantum
338 1882 575 1990 opponitur3
608 1900 653 1961 ut
682 1878 892 1960 honestum
916 1883 1047 1991 turpi.
1078 1883 1157 1961 duo
1174 1909 1212 1960 n.

60 1993 254 2073 duntaxat
277 1992 432 2102 poffunt
464 1993 575 2072 fibi
564 1994 737 2073 1nvicem
767 1991 789 2072 ὲ
816 1993 976 2101 regione
1008 1994 1212 2075 adversari.

62 2106 163 2185 Sunt
188 2105 441 2214 affirmantia,·
471 2106 565 2213 quia
591 2133 717 2185 unum
740 2105 809 2183 uni
833 2108 1059 2214 opponitur,
1090 2125 1215 2186 utres

62 2220 119 2297 rei
133 2250 144 2312 ;
165 2218 273 2325 quod
289 2217 402 2326 supra
417 2218 725 2297 demonstratum
740 2217 809 2309 est,
822 2236 862 2297 et
875 2216 976 2297 infra
991 2219 1132 2298 clarius
1146 2247 1215 2327 pa-

62 2331 177 2409 tebit.
209 2330 287 2409 His
299 2348 433 2409 autem
445 2329 763 2436 verbistregiane
774 2327 935 2435 absoluti
949 2329 1214 2436 adverfitntur,

62 2440 166 2520 nihil
188 2442 293 2522 aliud
312 2440 433 2550 quim
453 2443 598 2522 diretta
613 2443 821 2551 oppofitio,
835 2439 1008 2551 adedque
1026 2443 1214 2536 maxima,

62 2554 324 2661 intelligitur3
354 2555 481 2662 qualis
505 2554 560 2633 est
584 2557 685 2634 inter
708 2555 787 2634 duo
811 2559 954 2663 puncta
973 2556 1154 2635 diametri
1175 2554 1216 2632 in

61 2667 206 2746 eodem
226 2667 388 2746 circulo.
448 2669 526 2746 His
547 2669 667 2747 etiam
687 2665 814 2745 verbis
834 2666 1126 2774 distinguuntur
1145 2666 1216 2745 ad-

63 2778 172 2857 versa
191 2775 213 2857 a
229 2779 303 2858 suis
324 2779 479 2874 mediis,
494 2807 580 2886 quae
594 2781 694 2858 inter
708 2778 744 2856 se
765 2797 805 2858 et
824 2807 916 2857 cum
934 2781 1120 2859 extremis
1140 2778 1217 2857 dis-

63 2910 266 3000 parantur.
325 2890 529 2997 Absolut>;
560 2893 587 2970 i.
609 2920 644 2969 e.
674 2889 853 2985 omnini),
877 2890 1048 2999 perfecte
1063 2921 1074 2983 ;
1105 2891 1216 2969 utin

66 2999 338 3106 consentaneis,
377 3031 463 3111 quae
498 3001 669 3082 absolute
706 3002 1010 3082 consentiebant.
1075 3006 1218 3082 Ramus

56 3132 240 3225 perpetuo
256 3116 433 3195 dixerat:
465 3115 529 3193 sed
548 3114 727 3194 assentior
745 3115 844 3208 aliis,
862 3114 931 3221 qui
951 3113 1112 3220 absolut>
1132 3141 1217 3192 ma-

65 3228 179 3307 lunt:
209 3254 302 3306 nam
320 3226 498 3336 perpetui
517 3228 681 3336 opponi,
701 3226 852 3305 omnib.
875 3227 1076 3335 oppositis,
1097 3228 1218 3305 etiam

64 3339 213 3433 relatis,
229 3367 441 3418 commune
458 3338 526 3431 est,
543 3358 733 3446 quatenus
749 3339 925 3448 opposita
945 3338 1045 3431 sunt,
1060 3340 1086 3418 i.
1104 3367 1140 3417 e.
1157 3366 1218 3417 ra-

67 3452 177 3530 tione
197 3469 236 3531 et
257 3480 298 3530 re
323 3450 562 3531 diffentiunt.
622 3450 801 3557 Absolutt
822 3469 955 3530 autern
980 3450 1149 3546 additur,
1174 3468 1220 3529 ut

64 3560 143 3643 hac
171 3563 359 3670 particula
388 3564 576 3671 distingui
603 3562 756 3642 adversa
780 3562 922 3672 poffint
948 3560 970 3641 ὲ
1001 3563 1144 3656 relatis,
1177 3563 1219 3640 in
1281 3632 1285 3636 .

66 3673 213 3784 quibus
242 3675 438 3755 consenfio
464 3674 643 3782 quaedam
666 3674 735 3768 est,
759 3693 950 3782 quatenus
977 3675 1144 3754 alterum
1169 3702 1220 3752 ex

67 3805 210 3866 mutua
227 3787 377 3867 constat
394 3788 552 3867 alterius
572 3785 792 3881 affeetione,
808 3786 1026 3892 cujusmodi
1046 3785 1111 3866 htc
1131 3814 1220 3865 om·

67 3897 165 3979 nini>
184 3900 292 3979 nulla
315 3899 384 3991 est.
445 3901 509 3978 Sic
535 3897 645 3977 albor
669 3917 709 3978 et
728 3900 876 4005 nigror,
903 3899 1008 3978 calor
1032 3918 1072 3979 et
1096 3898 1221 4007 frigus

66 4030 336 4120 opponuntur.

126 4124 356 4231 Arssoteles,
368 4123 559 4202 contraria
579 4122 647 4228 (fic
666 4123 774 4201 enim
788 4121 946 4231 aduersa
958 4141 1072 4202 vocat
1086 4125 1219 4230 Categ.

69 4235 131 4341 6.)
153 4235 304 4330 definit,
325 4264 408 4344 quae
420 4234 624 4345 plurimum
644 4232 795 4341 interfit
813 4233 947 4343 dssaut
966 4235 1004 4313 iu
1023 4234 1138 4315 eadem
1153 4264 1221 4340 ge·

67 4376 183 4427 nere.-
213 4368 253 4429 et
273 4347 399 4427 rursus
419 4351 552 4454 Categ.
570 4347 607 4428 8.
641 4347 846 4426 Contraria
852 4346 949 4453 fiant
966 4348 1032 4427 vel
1045 4347 1082 4426 in
1101 4345 1222 4427 eadem

53 4460 195 4569 specie,
209 4461 278 4540 vel
291 4461 330 4539 in
347 4458 462 4541 eodem
476 4488 623 4568 genere.
686 4464 822 4572 Qem
838 4459 919 4539 Cic.
935 4459 991 4538 est
1010 4458 1160 4540 secutus
1181 4462 1223 4539 in
