2956 4980
103 289 104 292 κ
169 234 253 337 284
393 222 559 318 Literae
584 219 778 318 Oliverii
804 223 1094 320 Protedoris.

168 424 247 505 qua
261 395 369 505 Reip.
384 396 515 475 vestrae
530 395 690 490 reditus,
705 398 782 476 fine
795 397 878 486 ullo
889 397 1029 506 populi
1040 424 1174 492 onere,
1192 398 1321 477 multo

167 509 359 588 audiores
376 508 534 602 frerent3
556 507 735 616 fadaque
749 537 843 589 cum
854 511 1007 618 Joanne
1019 538 1098 590 van
1111 510 1181 592 den
1197 512 1320 590 Brook

168 622 349 703 societate
362 620 555 730 partiendi
568 621 669 700 inter
680 620 717 700 se
729 623 880 730 praemii
892 623 1000 729 quod
1012 650 1062 701 ex
1076 622 1145 703 illo
1157 623 1320 702 invento

167 734 235 815 suo
260 732 524 845 reportassent,
545 733 585 812 id
610 751 744 812 autem
767 752 849 813 erat
868 735 978 843 parvi
1001 734 1129 841 Sigilli
1154 735 1196 813 in
1218 736 1319 814 Pro-

166 846 302 928 vinciis
324 845 563 938 constitutio,
588 844 640 923 ob
664 842 741 925 hoc
769 845 1004 951 Ceffitudines
1031 846 1179 955 Vestras
1202 848 1320 927 Prae-

158 961 326 1069 potentes
359 956 578 1066 supradieto
608 984 688 1036 van
717 956 785 1038 den
813 960 936 1037 Brook
964 957 1122 1066 ejusque
1152 957 1318 1067 posteris

166 1072 240 1151 tria
259 1069 386 1150 millia
406 1068 683 1148 Geldricorum
706 1070 810 1177 (quae
825 1087 1015 1149 trecentas
1034 1070 1150 1150 libras
1166 1070 1316 1178 valent)

167 1186 209 1262 in
229 1181 399 1290 singulos
417 1207 537 1260 annos
553 1181 777 1290 pensitanda
797 1180 1080 1290 spospondiffe:
1105 1181 1193 1287 jam
1208 1181 1316 1277 vend,

167 1297 235 1375 etsi
254 1297 412 1374 inventa
429 1293 498 1372 illa
517 1294 626 1402 parvi
646 1285 761 1400 fig'itfi
776 1294 875 1374 ratio
895 1292 1022 1374 facilis
1040 1295 1261 1376 admodum
1280 1314 1319 1375 et

167 1409 351 1517 expedita
370 1424 523 1514 reperta
540 1405 609 1499 est,
631 1405 869 1513 magnosque
883 1434 934 1485 ex
953 1434 1001 1486 eo
1017 1425 1197 1516 tempore
1214 1408 1319 1487 redi·

167 1539 228 1600 tus
250 1516 533 1626 Celsttudinibus
552 1518 854 1626 Praepotentibus
872 1518 1019 1612 vestris,
1040 1518 1318 1628 nonnullisque

165 1632 299 1712 vestris
320 1629 534 1711 Provinciis
553 1630 701 1724 retulit,
721 1648 852 1709 tamen
873 1631 921 1709 ad
940 1629 1174 1711 hodiernam
1194 1631 1316 1740 usque

166 1745 289 1838 diem,
321 1742 501 1851 quamvis
532 1741 657 1820 multi
687 1740 957 1823 sollicitatione
989 1745 1176 1851 petitum,
1211 1744 1318 1848 illius

167 1856 270 1965 pasti
283 1855 433 1964 praemii
446 1852 645 1933 nihildum
658 1853 958 1934 adnumeratum
971 1854 1062 1937 effe:
1093 1857 1197 1936 unde
1209 1855 1318 1965 post·

165 1995 287 2075 quam
299 1966 527 2074 supradidtis
539 1962 696 2045 vundan
712 1968 834 2045 Brook
853 1987 892 2047 et
906 1967 940 2047 le
955 1967 1085 2048 Maire
1104 1968 1314 2076 longarum

166 2079 402 2158 dilationum
427 2077 628 2186 pertaesum
651 2076 720 2171 est,
743 2079 938 2157 astionem
969 2079 1078 2159 illam
1111 2081 1152 2159 in
1181 2081 1316 2191 supra-

165 2192 316 2271 dictum
340 2189 559 2270 Gulielmum
580 2191 777 2299 Coeperam
792 2192 923 2270 civem
941 2191 1118 2271 nostrum
1131 2193 1222 2299 jure
1243 2193 1317 2273 effe

166 2302 411 2384 transsatam:
443 2302 635 2410 quicum
665 2300 839 2382 fructum
866 2302 1061 2383 industriae
1091 2304 1226 2386 Soceri
1259 2305 1315 2385 sui

165 2417 365 2525 percipere
390 2415 538 2523 cupiat,
564 2414 612 2495 ad
638 2441 708 2493 nos
733 2441 803 2522 per
826 2414 1008 2496 libellum
1031 2415 1253 2527 supplicem
1280 2417 1317 2497 se

162 2529 344 2620 contulit,
377 2545 421 2605 ut
454 2524 555 2605 hanc
586 2525 667 2631 ejus
698 2525 1000 2635 postulationem
1032 2528 1317 2633 Cepitudinibus

163 2638 295 2748 vestris
325 2634 625 2747 Praepotentibus
652 2640 930 2718 commendare
959 2640 1174 2735 vellemus;
1205 2642 1314 2749 quod

162 2753 200 2829 ei
235 2778 313 2830 non
346 2748 419 2828 effe
450 2750 725 2856 denegandum
759 2750 995 2830 censuimus.
1056 2759 1316 2863 Qapropter

164 2862 401 2970 Ceffitudines
427 2862 575 2971 Vestras
602 2863 855 2969 Praepotentes
877 2861 1003 2942 amice
1028 2892 1227 2972 rogamus,
1255 2868 1314 2947 uti

162 2977 397 3085 petitionem
420 2973 628 3083 supradidi
659 2973 836 3054 Gulielmi
858 2973 1013 3085 Cooperi
1033 3005 1076 3056 ea
1101 2980 1149 3055 de
1175 3006 1217 3057 re
1242 2978 1313 3058 be-

162 3087 281 3197 nigni
302 3087 435 3167 audire
456 3085 598 3178 velitis,
620 3089 859 3195 padumque
879 3086 1075 3167 industria
1101 3092 1312 3198 praemium

35 3260 38 3266 .
162 3221 278 3311 atque
309 3198 547 3308 stipendium
577 3218 658 3278 tam
680 3198 845 3303 justum,
876 3217 915 3278 et
949 3228 1021 3308 pro
1052 3228 1222 3282 numero
1255 3222 1313 3285 tot

160 3341 352 3393 annorum
381 3311 664 3420 praeteritorum
696 3329 735 3388 et
760 3338 888 3391 annua
916 3311 1099 3421 deinceps
1125 3317 1312 3422 penfione

161 3424 388 3505 solvendum
409 3451 557 3502 curare.
619 3422 741 3532 Qud
762 3449 854 3501 cum
872 3451 948 3502 non
969 3423 1196 3506 dubitemus
1212 3430 1312 3535 quin

162 3536 400 3643 Celsttudines
422 3537 461 3613 V
455 3533 559 3642 estrae
580 3535 834 3642 Praepotentes
853 3535 1020 3614 libenter
1038 3534 1197 3617 fasturae
1220 3540 1310 3635 smt,

159 3669 296 3759 utpote
317 3666 355 3727 et
369 3646 520 3752 justum
541 3664 580 3724 et
599 3645 868 3754 munificentid
887 3647 1011 3726 vestra
1034 3648 1217 3756 dignum,
1238 3680 1312 3760 pae-

159 3766 231 3843 rati
251 3782 291 3842 et
310 3788 380 3840 nos
400 3758 564 3838 viciffim
584 3758 744 3852 erimus,
766 3759 898 3838 vestris
925 3787 1083 3867 quoque
1102 3764 1310 3871 populari-

158 3876 230 3955 bus
259 3876 300 3953 in
331 3871 530 3982 postulatis
560 3868 648 3962 suis,
670 3872 822 3979 quoties
852 3869 964 3952 nobis
993 3871 1172 3968 edentur,
1200 3877 1312 3986 aequd

156 3985 346 4097 propenso
366 3985 499 4064 animo
519 3981 663 4060 favere.

215 4103 279 4179 Ex
300 4097 453 4178 Palatio
471 4094 587 4203 nostro
610 4096 665 4171 W
660 4093 922 4202 eslmonasterii.
952 4120 961 4137 ·

297 4209 375 4291 Die
395 4206 575 4317 Septemb.
596 4207 676 4287 An.
702 4207 749 4285 16
755 4209 820 4314 56.

380 4320 608 4399 Vestrarum
630 4318 919 4398 Celfitudinum
942 4319 1252 4430 Praepotentium

612 4431 913 4511 Studiosrffimus

474 4541 668 4624 Oliverius
684 4543 884 4625 Protedor
901 4543 1019 4655 Reip.
1038 4545 1212 4657 Angliae,
1227 4549 1306 4629 dcc.
