2956 4980
447 216 742 316 Prolufiones
769 225 1009 320 Oratoriae.
1230 266 1312 348 439

157 388 258 468 citer
276 394 532 487 contendunt,
553 394 673 501 idque
700 425 771 505 pro
795 396 862 475 suo
886 399 1049 506 quisque
1069 419 1186 507 captu
1207 405 1310 482 varie

158 498 400 599 defendunt3
427 504 493 584 alii
514 507 676 586 totalem
697 509 868 603 unicam,
889 512 1069 617 partiales
1090 540 1182 591 vero
1202 516 1308 591 mul-

159 612 314 720 tiplices
327 617 499 722 ejusdem
520 620 691 698 materiae
711 617 880 727 hospitio
895 624 1027 731 excipi
1044 624 1309 730 importunius

158 723 383 807 affeverant.
444 731 553 809 Cum
568 730 645 810 illis
661 733 709 810 ad
727 750 881 840 tempus
898 762 1007 813 more
1024 735 1166 814 bellico
1182 736 1307 844 pacis-

157 862 295 917 cemur
319 840 509 936 inducias,
533 833 631 922 dum
658 843 698 921 in
723 842 794 923 hos
817 872 977 923 ornnem
1002 846 1125 955 praelii
1145 849 1226 926 vim
1247 866 1307 927 at-

157 974 236 1054 que
258 951 455 1059 impetum
477 953 757 1034 transferimus.
816 956 987 1036 Ponatur
1007 959 1135 1067 prima
1160 960 1199 1036 in
1225 961 1307 1038 acie

158 1060 388 1168 Arssoteles,
422 1066 491 1172 qui
517 1066 645 1146 noster
670 1067 784 1175 plane
810 1068 880 1161 est,
908 1069 1056 1176 quique
1085 1069 1153 1147 sub
1185 1069 1305 1149 finem

158 1173 280 1277 primi
302 1176 414 1254 Libri
433 1176 482 1256 de
501 1178 664 1270 Anima,
685 1205 763 1257 non
783 1180 937 1258 occulte
957 1179 1062 1260 favet
1082 1180 1216 1260 nostrae
1231 1182 1307 1260 As·

158 1281 329 1365 sertioni.
390 1289 502 1368 Huic
534 1288 763 1369 authoritati
801 1292 952 1397 aliquot
989 1313 1160 1372 attexere
1190 1320 1306 1400 argu-

160 1416 293 1477 menta
320 1426 399 1478 non
425 1401 480 1479 est
499 1401 624 1508 longae
645 1402 919 1509 disquisitionis
944 1431 1067 1512 opus:
1099 1405 1243 1513 praebet
1269 1406 1306 1483 se

159 1507 262 1587 milii
281 1511 480 1619 imprimis
496 1513 761 1622 Chrysostomus
775 1514 971 1619 Jaoellus‚
992 1515 1101 1620 cujus
1123 1515 1144 1597 ὲ
1164 1515 1307 1595 sterco-

158 1622 274 1714 rario,
296 1624 486 1703 nimirum
507 1623 710 1705 horridulo
730 1647 769 1704 et
786 1627 989 1734 incompto
1010 1627 1122 1733 stylo,
1147 1629 1306 1706 Aurum

159 1749 200 1810 et
211 1732 448 1840 Margaritae
462 1736 633 1817 effodere
650 1738 851 1847 possimus,
864 1766 951 1845 quae
968 1737 994 1816 fi
1014 1739 1102 1846 quis
1118 1737 1306 1818 delicatus

159 1842 396 1951 aspernetur,
419 1849 457 1925 in
478 1849 593 1928 illuni
613 1850 699 1929 sane
720 1850 963 1956 aliquatenus
983 1849 1085 1929 belle
1101 1849 1308 1955 quadrabit

159 1953 226 2034 ille
239 1956 404 2066 AEsopici
412 1960 520 2039 Galli
532 1961 754 2068 Apologus.
816 1962 863 2039 In
881 1960 985 2041 hunc
1001 1960 1125 2040 ferme
1141 1963 1307 2041 modurn

159 2091 479 2174 argumentatur3
501 2072 715 2152 Distinuio
729 2073 795 2152 illa
809 2092 849 2152 et
866 2075 1124 2180 Organizatio
1136 2075 1308 2182 partium

159 2178 448 2261 disfiinilarium
474 2184 689 2293 praecedere
719 2185 835 2264 debet
864 2186 1197 2264 introductionem
1221 2187 1305 2263 ani·

159 2318 246 2384 mae,
268 2312 404 2401 utpote
424 2323 510 2401 quae
530 2297 575 2375 fit
594 2299 699 2374 actus
718 2299 891 2405 corporis
911 2323 989 2376 non
1010 2294 1225 2399 cujussibet,
1244 2295 1308 2374 sed

160 2399 315 2509 Phyfici
341 2407 539 2513 organici;
571 2426 808 2516 quapropter
837 2407 1063 2485 immediate
1096 2424 1184 2483 ante
1216 2434 1307 2514 pro-

158 2516 386 2597 ductionem
414 2520 542 2599 totalis
570 2519 718 2612 formae,
744 2518 889 2598 necefie
910 2519 964 2597 est
989 2518 1191 2625 corrumpi
1220 2545 1306 2624 par-

159 2626 268 2707 tiales
299 2630 383 2709 illas
411 2631 482 2710 nifi
508 2650 663 2710 corruat
695 2632 847 2738 penitus
876 2629 1182 2739 receptifiimum
1208 2629 1306 2708 illud

158 2739 348 2836 Axioma,
384 2743 600 2822 Generatio
638 2745 753 2822 unius
784 2741 840 2820 est
873 2741 1030 2820 alterius
1066 2741 1306 2848 Corrupti03

158 2876 326 2955 quarum
343 2855 644 2962 productionem
661 2881 737 2932 non
755 2854 927 2960 sequitur
943 2852 1131 2931 similium
1146 2850 1308 2959 praesen·

162 2979 272 3042 tanea
289 2965 496 3073 produdtio
509 3000 528 3062 ;·
547 2966 586 3045 id
607 2968 714 3044 enirn
731 2964 869 3044 frustra
889 2963 1004 3055 soret,
1021 2980 1061 3040 et
1080 2962 1128 3041 ad
1143 2964 1307 3043 Natura>

160 3077 295 3156 matris
313 3076 540 3185 sapientiam
560 3106 699 3186 parum
716 3076 963 3155 conveniens.
1024 3074 1180 3152 Deinde
1201 3074 1307 3182 post-

160 3213 326 3293 eaquam
347 3192 482 3270 omnis'
501 3188 643 3282 forma,
674 3189 746 3267 five
771 3185 942 3296 perfecta
970 3185 1028 3278 fit,
1057 3186 1132 3264 five
1158 3185 1308 3292 imper-

160 3294 276 3394 fecta,
295 3301 440 3380 tribuat
459 3302 532 3381 efie
549 3300 790 3410 specificum‚
807 3297 952 3377 necefie
973 3295 1042 3389 est,
1058 3315 1103 3375 ut
1116 3297 1306 3403 quamdiu

160 3431 294 3492 manet
309 3412 378 3493 ista
398 3412 539 3505 forma,
561 3411 711 3491 tamdiu
732 3438 790 3490 res
810 3410 877 3488 illa
893 3426 1050 3487 maneat
1069 3406 1206 3487 eadem
1228 3435 1306 3487 non

158 3525 303 3603 variata
323 3524 536 3605 secundum
563 3522 812 3603 substantiam
840 3520 962 3612 suam,
983 3516 1225 3628 proindeque
1246 3519 1307 3598 su-

159 3637 361 3741 perveniet
386 3635 514 3717 forma
544 3636 672 3715 totalis
698 3655 882 3741 tanquam
911 3632 1104 3725 accidens,
1133 3658 1210 3710 non
1237 3660 1308 3740 per

160 3750 455 3852 generationem
475 3748 538 3827 sed
559 3775 629 3858 per
647 3747 931 3826 alterationem.
987 3744 1171 3851 Sequitur
1190 3770 1307 3850 porro

159 3860 332 3940 animam
354 3860 516 3941 totalem
541 3858 615 3938 five
640 3858 889 3948 divisibilem,
914 3855 989 3933 five
1015 3852 1305 3946 indivisibilem,

159 3996 240 4050 non
255 3972 428 4051 sufficere
449 3972 497 4051 ad
509 3997 645 4050 omnes
657 3990 783 4078 partes
797 3966 1005 4046 animantis
1025 3966 1139 4074 plene
1153 3961 1307 4071 perfec-

160 4079 278 4191 teque
297 4083 578 4175 informandas,
605 4080 711 4189 quod
736 4102 779 4159 ut
802 4077 1016 4186 largiamur
1040 4075 1147 4154 nulla
1176 4074 1309 4154 suadet

162 4197 273 4275 ratio.
333 4197 517 4303 Sequitur
529 4193 667 4273 itidem
689 4219 807 4270 unam
829 4188 999 4268 sormam
1020 4185 1309 4267 substantialem

161 4306 234 4385 effe
254 4307 360 4413 quafi
380 4305 671 4416 dispositionem
701 4304 926 4412 proximam
949 4318 988 4379 et
1011 4318 1309 4407 permanentem

162 4418 209 4497 ad
229 4419 361 4511 aliam,
382 4418 488 4526 quod
508 4417 678 4496 veritatis
700 4416 886 4495 absonum
908 4413 975 4505 est,
989 4409 1308 4518 quandoquidem
