2956 4980
403 240 564 335 Literae
590 244 782 336 Senatus
809 238 1075 370 Anglicani.
1231 280 1310 361 227

148 411 354 521 imposuit,
376 433 420 494 ut
443 442 514 522 pro
535 414 713 495 libertate
734 416 859 496 nostra
876 436 1010 496 contra
1030 435 1210 524 tyrannos
1231 416 1305 496 ho-

146 525 358 606 nestiffima
376 525 479 606 bella
493 553 733 634 gereremus,
751 529 798 608 iis
814 555 883 608 nos
903 530 1021 608 etiam
1043 528 1222 638 auspiciis
1238 558 1303 608 ea-

143 662 226 828 qoue
250 637 385 717 divina
408 665 483 746 ope
508 666 586 747 prae
610 640 687 720 illis
713 640 912 747 infigniter
939 640 1134 745 adjuvare,
1156 660 1199 720 ut
1225 669 1304 722 non

184 746 275 828 lum
290 750 407 830 civile
422 749 572 830 bellum
592 751 864 859 restringuere,
882 751 945 830 sed
962 771 1002 831 et
1016 753 1143 833 causas
1159 753 1240 857 ejus
1261 755 1301 832 in

143 856 331 941 futurum
349 863 573 971 praecidere,
595 891 666 943 nec
691 891 770 944 non
791 884 829 944 et
854 861 1027 943 hostium
1047 884 1301 944 externorum

143 970 370 1082 inopinatos
396 975 567 1084 impetus
595 975 819 1083 propulsare
849 975 1100 1069 valuerimus,
1130 978 1301 1056 eundem

142 1100 281 1165 tamen
299 1085 471 1194 supremi
493 1088 665 1167 numinis
685 1088 725 1166 in
747 1114 815 1167 nos
830 1086 1005 1166 savorem
1021 1115 1065 1167 ac
1081 1088 1303 1195 benignita·

143 1212 229 1276 tem
238 1197 462 1304 gratissimis
472 1217 665 1306 quantum
676 1198 1023 1307 possumusanimis
1037 1200 1300 1306 agnoscentes,

140 1333 223 1387 non
238 1309 294 1388 ita
309 1337 441 1389 retum
457 1309 674 1390 nostrarum
687 1310 915 1390 succeffibus
929 1310 1146 1404 efferimur,
1163 1331 1207 1393 ut
1224 1339 1301 1391 non

140 1418 381 1528 singularem
393 1419 524 1531 potius
536 1423 615 1502 Dei
622 1422 814 1528 justitiam
827 1451 872 1502 ac
883 1423 1170 1531 providentiam
1183 1426 1297 1504 edoc-

140 1530 189 1625 ti,
218 1549 337 1641 atque
368 1533 519 1613 nosmet
547 1534 706 1643 largiter
735 1537 902 1643 experti,
933 1554 973 1613 et
1002 1534 1151 1613 bellum
1180 1563 1299 1614 omne

140 1662 337 1751 quantum
355 1642 449 1725 licet
464 1645 696 1740 aversemur,
713 1665 752 1725 et
766 1674 906 1756 pacem
922 1673 1015 1726 cum
1030 1645 1213 1726 omnibus
1229 1674 1300 1726 cu-

140 1753 338 1865 pidiffime
350 1757 648 1865 amplectamur.
710 1758 1062 1886 Qemadmodum
1079 1759 1201 1866 igitur
1215 1787 1300 1866 quae

140 1867 329 1963 amicitia,
350 1896 514 1978 quaeque
539 1869 732 1950 soederum
758 1898 847 1975 Jura
877 1870 988 1950 nobis
1017 1898 1111 1949 cum
1143 1872 1299 1980 populis

140 1977 439 2088 quibuscunque
458 2009 503 2060 ac
529 1982 778 2090 Principibus
798 1983 958 2088 antiqua
977 1982 1233 2077 intercessere,
1254 2012 1299 2063 ea

140 2084 327 2173 hactenus
346 2093 533 2200 cuiquam
551 2121 623 2173 nec
639 2095 871 2174 violavimus
888 2096 1051 2202 priores,
1069 2123 1140 2174 nec
1157 2095 1298 2174 violata

140 2201 351 2298 voluimus,
373 2205 426 2284 ita
445 2223 486 2284 et
507 2205 706 2286 Celfitudo
721 2206 843 2286 vestra
864 2233 937 2315 pro
953 2206 1100 2286 vetusti
1120 2207 1185 2286 sua
1204 2234 1297 2286 cum

140 2316 282 2421 Anglis
300 2336 340 2396 et
358 2313 380 2395 t
400 2316 611 2422 majoribus
631 2319 789 2427 accepta
809 2318 984 2399 amicitis
1000 2320 1146 2427 poterit
1164 2317 1297 2396 certis-

140 2424 233 2506 fimi
260 2430 384 2508 animi
409 2428 650 2538 persuafione
674 2430 723 2510 de
750 2430 861 2510 nobis
888 2458 996 2537 aequa
1021 2431 1154 2509 omnia
1179 2448 1296 2536 atque

140 2538 279 2637 amica,
300 2558 340 2619 et
360 2540 429 2619 fibi
446 2559 486 2620 et
505 2540 580 2621 suis
605 2542 797 2651 polliceri.
858 2543 1044 2649 Denique
1066 2561 1109 2621 ut
1127 2539 1295 2621 delatuit

140 2649 512 2732 Celfitudinevestri
526 2654 636 2734 nobis
649 2654 713 2734 sua
725 2653 849 2733 studia
862 2673 978 2763 atque
992 2654 1120 2734 officia
1132 2656 1296 2765 plurimi

140 2779 181 2839 ut
191 2789 262 2870 par
274 2763 330 2843 est
342 2763 522 2858 facimus,
540 2766 593 2845 ita
605 2793 766 2876 operam
778 2765 959 2846 dabimus
971 2785 1016 2845 ut
1027 2795 1154 2874 neque
1168 2768 1294 2847 nostra

140 2873 219 2952 ullo
236 2892 415 2985 tempore
431 2877 494 2955 vel
508 2877 576 2957 fibi
592 2879 655 2958 vel
672 2878 744 2957 suis
760 2878 883 2958 deesse
902 2877 1061 2957 sentiat:
1093 2877 1294 2958 Vestram-

140 3011 212 3091 que
229 2986 327 3066 adeb
342 2987 625 3068 Celfitudinem
641 2991 952 3098 Omnipotentiae
964 2989 1199 3098 nominique
1213 2992 1293 3069 Dei

140 3097 436 3207 omnipotentis
449 3098 752 3207 quammaxime
764 3102 1079 3182 commendatam
1094 3104 1290 3211 cupimus.

217 3211 339 3292 Datis
356 3211 395 3291 in
414 3211 519 3292 Alba
539 3215 646 3293 Aula
663 3213 719 3292 die
738 3213 847 3320 Julii
862 3218 943 3293 An.
970 3215 1016 3292 16
1022 3240 1087 3320 53.

452 3325 681 3434 Subscripfit
699 3344 738 3404 et
760 3326 932 3406 Concilii
953 3326 1138 3433 Sigillum
1158 3325 1236 3403 im-

677 3438 931 3545 primendum
951 3439 1103 3517 curavit

896 3549 1054 3629 Concilii
1071 3547 1229 3656 Praests.

491 3939 627 4018 Comiti
646 3938 927 4044 Oldenburgico.

211 4110 468 4190 Illustriffime
489 4112 690 4207 Domine;

211 4223 476 4303 Arlamentum
489 4224 647 4332 Reipub.
661 4223 816 4329 Angliae
828 4222 1043 4330 plurimam
1058 4220 1220 4301 salutem
1237 4220 1286 4300 ab

238 4334 519 4444 Amplitudine
546 4335 668 4415 vestra
692 4332 964 4413 officiofiffime
995 4352 1112 4441 atque
1142 4331 1286 4411 huma·
1360 4392 1364 4400 .

140 4445 279 4535 tillinre
302 4446 371 4526 fibi
395 4448 557 4540 dictam,
582 4474 652 4557 per
676 4450 934 4526 Hermannum
960 4446 1132 4554 Mylium,
1161 4443 1288 4547 Juris-
