2956 4980
200 231 317 363 Cap.
348 273 410 328 12.
511 230 697 350 Plenior
725 231 971 331 Institutio.
1270 277 1321 358 37

159 411 336 491 alterum
371 411 420 489 ab
454 412 577 490 altero
609 411 722 517 argui
754 432 822 492 aut
854 413 1036 492 illustrari
1068 441 1145 493 non
1177 414 1319 524 potest.

161 523 295 603 Priori
308 525 429 631 igitur
441 525 671 632 proprietati
684 523 849 603 secunda
864 523 946 604 haec
960 525 1155 606 subvenit:
1177 554 1320 635 quam-

159 636 220 714 vis
241 636 350 714 enim
371 635 604 715 diffentanea
626 636 698 714 sint
718 635 818 715 inter
838 637 874 716 se
895 635 1002 746 aeque
1024 636 1240 747 manifesta,
1265 639 1319 718 ita

160 765 207 825 ut
228 774 355 827 unum
376 746 424 826 ab
444 747 568 827 altero
585 767 770 854 tanquam
791 750 934 828 notiori
954 751 1067 855 argui
1087 777 1165 828 non
1184 771 1317 859 queat,

160 885 213 937 ex
230 858 458 939 diffenfione
475 879 606 938 tamen
621 859 701 951 sua,
718 859 808 953 five,
825 879 869 941 ut
884 862 950 940 alii
965 862 1196 969 loquuntur,
1202 863 1319 967 juxta

160 969 200 1048 se
230 972 368 1079 pofita,
398 970 539 1051 clarius
568 970 800 1051 elucescunt.
862 974 925 1052 Sic
949 972 1059 1052 bonae
1084 974 1317 1055 valetudinis

161 1085 376 1163 commoda
399 1083 563 1163 adversae
582 1083 814 1164 valetudinis
842 1085 1104 1165 incommodis
1132 1086 1317 1166 manifes-

162 1195 263 1273 tiora
283 1194 384 1274 fiunt
396 1224 409 1287 ;
440 1197 631 1275 virtutum
658 1195 790 1276 laudes
813 1198 1097 1277 contrariorum
1118 1199 1315 1309 vitupera-

162 1307 272 1386 tione
291 1309 480 1387 vitiorum
499 1307 752 1387 illustrantur.

219 1419 351 1500 Utiles
378 1421 509 1528 itaque
541 1418 628 1498 sunt
658 1416 699 1499 hi
734 1420 812 1499 loci
843 1419 1186 1515 diffentaneorum,
1220 1421 1314 1501 teste

158 1531 283 1610 etiam
296 1531 508 1640 Arssotele,
524 1531 632 1668 Top.
652 1559 688 1638 3.
704 1557 745 1633 4.
763 1559 842 1610 non
862 1528 990 1610 solbm
1005 1531 1053 1609 ad
1069 1533 1315 1639 arguendum

161 1661 202 1722 et
223 1642 513 1738 illustrandum,
526 1671 667 1722 verum
683 1645 803 1722 etiam
819 1643 867 1722 ad
884 1643 1172 1751 impellendum
1190 1673 1235 1725 ac
1254 1674 1314 1725 re-

160 1753 399 1836 futandum:
448 1775 492 1835 ut
529 1756 638 1835 enim
679 1755 1029 1836 consentaneorum
1068 1757 1146 1836 loci
1184 1759 1315 1839 valent

161 1867 1312 1977 maximeadarguendum‚probandumetconfirmandum‚

161 1979 213 2057 fic
233 1979 312 2060 loci
330 1979 660 2060 dissentaneorum
679 1980 728 2060 ad
753 1979 1082 2089 redarguendum,
1104 1983 1313 2091 impellen-

159 2089 260 2170 dum
279 2111 320 2172 et
338 2090 615 2173 refutandum:
648 2111 692 2171 ut
710 2095 780 2199 qui
805 2092 1061 2172 consentaneo
1080 2113 1315 2200 argumento

158 2203 294 2283 doceri
314 2232 393 2284 non
412 2206 511 2300 vult,
532 2204 758 2283 diffentanei
781 2203 942 2284 absurda
967 2204 1238 2286 consecutione
1265 2207 1314 2288 eb

159 2316 374 2424 redigatur,
392 2332 437 2396 ut
457 2318 592 2397 nolens
613 2317 733 2396 etiam
755 2344 832 2395 non
852 2316 966 2425 poffit
985 2318 1138 2396 veritati
1158 2344 1236 2397 non
1257 2319 1313 2398 as-

160 2427 306 2508 sentiri.
367 2429 478 2508 Hinc
497 2429 657 2536 Arssot.
692 2426 813 2508 Rhet.
846 2455 883 2534 3.
916 2453 978 2535 17.
1012 2428 1223 2536 refutantia
1251 2430 1313 2511 de-

156 2540 408 2649 morssratrbis
427 2540 641 2650 anteponit.

330 2713 675 2825 Dfflntaneastrnt
693 2714 841 2821 diuersa
861 2717 928 2796 vel
940 2717 1109 2826 oppcfita.

217 2877 386 2984 Diversa
385 2876 481 2983 stent
496 2876 731 2987 difflntanea,
746 2875 914 2985 quaesola
930 2877 1073 2956 ratione
1087 2876 1310 2986 dfflntiunt.

160 2991 327 3071 Nomen
348 2989 424 3069 hoc
444 2989 597 3069 videtur
619 2989 861 3098 aptiffimum
880 2988 928 3066 ad
954 2986 1056 3066 hanc
1082 2988 1313 3070 leviffimam

157 3102 429 3182 diffenfionem
449 3100 765 3208 significandam:
796 3098 871 3179 hac
890 3101 999 3178 enim
1015 3127 1110 3178 voce
1130 3128 1176 3179 ea
1195 3101 1314 3210 figni-

157 3212 325 3294 ficantur
351 3242 437 3322 quae
466 3208 561 3292 cbm
591 3213 882 3293 consensronem
912 3211 1110 3320 quandam
1143 3214 1243 3293 inter
1275 3214 1312 3295 se

159 3322 306 3405 habere
317 3327 538 3419 videantur,
555 3326 775 3433 poffintque
790 3353 860 3433 per
880 3323 916 3402 se
938 3320 1079 3431 susque
1101 3344 1236 3405 natura
1255 3330 1314 3407 ei·

158 3437 254 3516 dem
273 3437 443 3543 subjedto
464 3438 577 3516 fimul
596 3438 820 3529 convenire,
839 3456 970 3515 tamen
991 3464 1062 3514 nec
1083 3436 1190 3516 idem
1210 3438 1312 3533 sunt,

160 3551 272 3629 necei
292 3550 462 3655 subjetto
482 3567 716 3658 competunt
739 3548 848 3653 cujus
869 3548 1017 3628 ratione
1036 3547 1231 3629 diffentire
1251 3552 1314 3631 di-

157 3679 328 3742 cuntur:
355 3690 441 3770 quae
459 3682 593 3741 autem
614 3661 841 3740 dissentiunt
861 3660 901 3739 in
922 3660 1063 3739 eodem
1085 3662 1215 3756 tertio,
1237 3663 1313 3743 dis·

158 3773 333 3853 sentiunt
352 3775 595 3853 etiam'inter
615 3773 665 3852 se.

218 3886 309 3965 Sola
338 3887 461 3992 igitur
494 3888 642 3965 ratione
672 3883 911 3975 dissentiunt,
947 3884 1040 3992 quia
1070 3910 1148 3962 non
1177 3912 1249 3994 per
1277 3886 1313 3966 se

158 3993 302 4105 susque
324 4016 461 4077 natura
477 3997 718 4089 dissentiunt,
740 3995 804 4074 sed
823 3995 1072 4075 solummodo
1089 3997 1236 4076 ratione
1257 4018 1314 4078 at-

160 4110 400 4202 tributionis,
422 4110 449 4187 i.
470 4138 504 4191 e.
528 4111 676 4189 ratione
698 4135 741 4187 ac
763 4106 936 4215 respedtu
957 4107 1119 4214 alicujus
1139 4106 1312 4214 subjecti,

158 4223 224 4300 cui
246 4221 362 4300 fimul
381 4249 460 4300 non
480 4221 760 4301 attribuuntur.
820 4219 1058 4299 Distributio
1086 4221 1217 4327 itaque
1237 4221 1314 4299 dis-

160 4332 433 4413 sentaneorum
465 4361 536 4442 pro
567 4335 714 4412 ratione
746 4330 980 4410 dissensionis
1005 4330 1107 4412 redtb
1138 4333 1313 4412 instituta

160 4446 240 4525 est:
264 4473 356 4525 nam
378 4466 421 4524 ut
441 4445 636 4525 consensro
657 4446 730 4525 alia
751 4446 891 4522 arctior
911 4445 1019 4522 estet
1039 4442 1223 4535 absoluta,
1240 4444 1315 4524 alia
