2956 4980
210 231 325 363 Cap.
349 245 391 326 6.
512 229 701 327 Plenior
727 227 975 327 Institutio
1258 274 1332 356 125

158 413 323 525 stquens
344 412 422 523 effla
482 415 647 521 Negatio
674 414 799 524 itaque
816 433 853 494 et
872 412 1111 495 contradifflio
1123 414 1281 522 statuit,
1293 417 1338 522 fi

157 528 221 635 stt
239 524 467 619 antecedens,
487 554 557 605 non
575 526 650 607 ideo
669 526 880 636 consequeus
899 527 976 636 effi.

234 637 369 719 Potest
394 657 435 718 et
457 664 636 719 connexo
665 667 735 748 per
761 640 920 718 axioma
943 638 1155 719 discretum
1178 661 1333 720 contra-

173 753 285 831 dici:
316 770 376 844 ut,
396 751 566 860 quamvis
581 781 680 831 omne
698 752 930 832 enuntiatum
938 752 997 856 fit
1015 780 1146 831 verum
1165 770 1235 832 aut
1244 752 1335 860 fal-

157 861 719 973 stem,nontamencausastmt
732 862 972 944 immutabiles
984 893 999 957 ;
1029 864 1136 972 quod
1150 863 1333 974 sequente

173 977 309 1086 capite
329 975 512 1084 liquebit.

235 1085 316 1168 Sed
336 1085 419 1168 chm
434 1086 627 1194 judicabis
653 1117 850 1169 connexum
873 1087 1047 1194 abstslute,
1079 1088 1106 1166 i.
1128 1116 1163 1168 e.
1198 1116 1267 1197 per
1297 1089 1333 1169 se
1435 1141 1440 1156 ·

176 1196 324 1309 suhque
339 1218 476 1279 natura
486 1229 619 1280 verum
633 1199 712 1310 effe,
725 1200 958 1309 uecffsrium
972 1229 1109 1309 quoque
1116 1199 1331 1305 judicabis:

175 1331 214 1393 et
233 1311 417 1420 intelliges
432 1311 530 1393 banc
544 1310 780 1417 neceffitatem
795 1340 840 1390 ex
854 1312 1049 1421 ueceffizria
1061 1313 1232 1421 partium
1249 1344 1334 1395 cou-

175 1425 329 1505 nexione
346 1424 454 1517 oriri,
474 1453 557 1534 qua
575 1423 653 1534 ipsa
668 1424 784 1533 potest
802 1423 866 1532 ‘'ffi’
885 1425 951 1504 vel
967 1424 1126 1532 iufhhhs.
1138 1426 1331 1533 partibus.

239 1538 308 1632 Ut,
312 1537 359 1641 st
373 1537 471 1617 homo
489 1536 539 1645 est
556 1537 623 1629 leo,
642 1535 691 1643 est
708 1536 820 1616 etiam
838 1537 1060 1647 quadrupes,
1081 1536 1334 1618 necessarium

177 1676 405 1728 connexum
434 1649 514 1743 est;
544 1651 639 1758 quia
664 1669 1004 1756 argumentorum,
1029 1677 1115 1757 quae
1145 1647 1211 1730 hrc
1238 1680 1334 1731 con·

178 1764 404 1854 nectuntur,
436 1761 559 1841 leonis
589 1760 735 1841 scilicet
763 1780 803 1841 et
833 1762 1111 1870 quadrupedis,
1142 1765 1336 1843 connexio

179 1872 235 1953 est
264 1872 486 1968 neceffasia,
515 1873 657 1983 speciei
691 1873 838 1953 scilicet
868 1902 961 1953 cum
996 1901 1152 1981 genere.
1214 1877 1334 1956 Unde

181 1985 351 2065 efficitur
369 1986 526 2066 axioma
546 1986 780 2093 generaliter
799 2014 938 2067 verum
957 2013 1001 2064 ac
1022 1987 1185 2095 proinde
1206 1989 1336 2068 neces·

182 2096 349 2192 sarium3
381 2099 493 2179 omnis
524 2099 575 2178 leo
603 2098 652 2206 est
680 2098 915 2208 quadrupes:
945 2098 1053 2207 quod
1086 2100 1125 2177 in
1157 2128 1338 2181 connexo

183 2210 375 2289 indicium
403 2211 459 2291 est
485 2209 666 2290 absolutae
685 2212 871 2291 veritatis.
932 2211 1011 2304 Sic,
1040 2211 1068 2289 ss
1093 2212 1264 2292 Socrates
1289 2214 1340 2322 est

184 2322 294 2416 homo,
314 2322 364 2431 est
382 2323 491 2402 etiam
510 2322 664 2417 animal,
685 2321 857 2403 absolute
878 2351 1016 2402 verum
1037 2323 1092 2402 est
1112 2344 1151 2403 et
1170 2324 1338 2403 necessa-

184 2435 402 2543 rium,quia
416 2436 546 2515 omnis
562 2433 685 2514 homo
704 2436 759 2514 est
777 2436 941 2514 animal:
964 2430 1155 2542 hujhsque
1168 2438 1338 2516 connexi

183 2546 419 2655 consequens
452 2546 591 2627 falsum
622 2546 696 2627 elie
727 2575 806 2627 non
837 2547 978 2657 potest,
1009 2548 1079 2627 nifi
1108 2552 1339 2630 antecedens

184 2686 342 2768 quoque
372 2657 514 2739 falsum
545 2660 733 2767 srt,.quod
763 2661 868 2740 aliud
893 2661 1048 2768 fignurn
1077 2661 1133 2740 est
1157 2661 1338 2743 absolutae

183 2789 367 2851 verrtatss.

240 2881 364 2995 Qod
385 2883 412 2963 fi
431 2883 669 2992 consequens
689 2882 830 2964 falsum
851 2883 983 2978 fuerit,
1005 2882 1145 2964 falsum
1166 2886 1263 2965 item
1283 2886 1339 2964 est

185 2994 428 3075 antecedens.
444 2988 452 2999 ’
490 2996 536 3075 Si
547 2996 652 3091 illud,
669 2999 733 3077 hoc
745 3029 760 3075 .·
776 2999 821 3104 fi
836 3026 905 3077 nun
920 2999 999 3090 hoc,
1012 3027 1056 3077 ne
1069 2998 1167 3077 illud
1180 2998 1336 3107 quidem,

185 3107 318 3215 Atque
339 3108 406 3201 ita,
425 3109 566 3215 utjam
586 3110 953 3202 demonstravimus,
970 3111 996 3188 fi
1016 3111 1211 3190 connexio
1232 3109 1340 3189 abso-

186 3216 264 3297 lute
283 3247 373 3298 vera
398 3219 468 3313 est,
489 3223 564 3301 erit
590 3239 749 3330 qnoque
777 3221 1010 3302 neceffaria:
1043 3224 1096 3300 fin
1125 3251 1175 3301 ex
1201 3225 1338 3302 condi-

189 3331 292 3410 tione
311 3352 352 3411 et
371 3337 501 3441 patin,
519 3332 597 3412 fine
617 3361 697 3441 quo
715 3362 942 3414 connexum
961 3362 1032 3442 per
1051 3335 1087 3413 se
1109 3334 1250 3443 su'aque
1271 3363 1338 3415 na-

189 3460 269 3521 tura
289 3472 428 3523 verum
449 3472 528 3524 non
547 3444 652 3537 esset,
673 3449 748 3527 erit
769 3447 1042 3528 tantummodo
1062 3449 1308 3555 contingens.

240 3554 350 3661 Quod
346 3555 391 3661 ſs
401 3557 569 3637 connexio
573 3557 633 3662 ſst
647 3560 857 3667 contingens
870 3577 906 3638 et
915 3577 987 3667 pro
990 3556 1069 3662 fisa
1084 3577 1232 3639 tantum
1244 3578 1338 3669 pro-

187 3663 378 3747 babilitate
421 3688 571 3763 anatur,
579 3669 766 3775 judicium
786 3671 863 3778 ejus
882 3689 1029 3750 tantum
1049 3671 1163 3780 opinio
1168 3671 1314 3777 suerit.

298 3782 373 3872 Ut,
428 3799 546 3861 erent.
568 3782 696 3862 Andr.

242 3942 454 4051 Pamphile,
459 3943 504 4049 ſs
520 3943 685 4053 rdfhcis,
705 3944 805 4025 hadre
817 3946 1033 4055 postremum
1051 3974 1107 4024 me
1125 3945 1240 4026 vides.

241 4116 338 4196 Hoc
358 4117 427 4211 est,
448 4117 475 4196 fi
497 4118 753 4198 Philumenam
774 4147 941 4197 uxorem
969 4119 1094 4213 ducis,
1115 4146 1191 4226 ego
1220 4116 1338 4200 hodie

186 4230 355 4325 moriar:
391 4230 499 4339 quod
537 4257 656 4310 nemo
692 4231 799 4338 sequi
834 4230 1129 4324 existimaverit,
1162 4231 1231 4310 nisr
1263 4230 1340 4312 hoc

185 4341 324 4451 pofito,
347 4342 569 4436 Charinum,
590 4344 660 4451 qui
687 4342 762 4422 hoc
793 4343 904 4435 dicit,
932 4343 1188 4423 Philumenam
1207 4344 1340 4452 perdi-

187 4452 329 4535 tiffime
356 4482 502 4535 amare.
563 4456 637 4534 Per
665 4453 701 4535 se
732 4456 840 4534 enirn
867 4455 974 4534 nulla
1004 4456 1060 4534 est
1086 4457 1341 4538 connexionis

187 4566 387 4647 neceffitas
408 4570 510 4647 intcr
529 4569 684 4677 nuptias
707 4568 898 4676 Pamphili
914 4587 952 4646 et
974 4567 1176 4646 interitum
1200 4567 1341 4649 Chari-
