2956 4980
340 115 509 221 Literae,
531 122 724 212 Senatus
750 113 1022 246 Anglicani.
1180 160 1231 216 20
1238 163 1259 245 5

134 440 392 525 Parlamentum
412 443 640 555 Reipublicae
658 445 815 553 Angliae
841 444 1061 551 Serenfflmo
1085 447 1264 559 Principi

24 698 32 709 Ι
171 554 414 749 {ffinando
439 556 619 637 Secundo
647 557 848 638 Hetruriae
872 560 1018 666 Magno
1042 560 1164 654 Duci,
1190 563 1259 641 Sa-

202 844 325 928 Iteras
338 846 748 935 CelfitudinisVestrae
761 872 812 927 22
827 847 992 957 Aprilis,
1013 849 1060 928 16
1066 875 1134 955 51,
1163 851 1197 929 F
1199 849 1262 929 lo-

228 961 354 1041 rentia
372 960 495 1056 datas,
510 980 550 1041 et
568 989 591 1040 a
607 960 815 1040 Refidente
832 960 971 1041 Vestro
987 962 1165 1042 Domino
1179 963 1259 1042 Al·

133 1068 238 1151 aerico
257 1072 429 1153 Salvetti
442 1072 555 1153 nobis
579 1072 748 1152 redditas
771 1073 1016 1180 accepimus3
1049 1074 1090 1152 in
1113 1074 1258 1181 quibus

40 1218 46 1239 ι
132 1174 280 1287 Anglico
299 1185 456 1266 nomini
472 1203 712 1293 quantopere
732 1180 860 1263 faveat
885 1184 1085 1264 Celsrtudo
1105 1186 1260 1280 Vestra,
1308 1276 1311 1281 ,

33 1352 36 1359 -
130 1308 348 1404 gentemque
363 1324 452 1376 eam
468 1297 604 1405 quanti
624 1295 755 1388 faciat,
771 1293 885 1375 facile
899 1295 1178 1405 perspicimus:
1211 1298 1260 1379 Id

128 1406 216 1505 quod
240 1435 321 1488 non
344 1405 473 1488 solitm
491 1410 737 1488 Mercatores
761 1407 881 1489 nostri
905 1408 975 1516 qui
999 1408 1040 1486 in
1067 1408 1258 1516 portubus

122 1516 243 1600 vestris
267 1518 414 1601 multos
431 1520 517 1627 jam
539 1547 661 1600 annos
685 1520 948 1627 negotiantur,
970 1548 1110 1599 verum
1136 1522 1256 1600 etiam

113 1620 385 1713 Adulescentes
403 1634 554 1741 quique
567 1632 703 1711 nostrae
719 1632 886 1712 nationis
898 1629 1124 1711 nobiliffimi
1140 1651 1257 1741 atque

103 1724 363 1825 honestiffimi
381 1745 453 1852 qui
470 1745 611 1825 vestras
631 1772 702 1853 per
722 1742 836 1823 urbes
857 1763 925 1823 aut
948 1744 1023 1824 iter
1041 1741 1169 1823 fecere
1190 1765 1258 1827 aut

96 1854 314 1937 excolendi
346 1855 494 1964 ingenii
525 1854 640 1936 causa
670 1858 906 1936 commorati
935 1855 1037 1950 sunt,
1070 1856 1260 1940 testantur

87 1982 222 2077 atque
250 1968 501 2051 confirmant-J
559 1974 660 2079 Qae
695 1995 790 2047 cum
818 1967 930 2047 nobis
961 1988 1142 2077 pergrata
1169 1969 1258 2051 sane
1319 2021 1335 2041 ·.

76 2072 192 2161 sunt
212 2098 256 2159 et
273 2081 550 2189 acceptifiima,
571 2099 658 2159 tum
677 2077 754 2159 hoc
771 2078 892 2158 etiam
908 2099 1024 2188 atque
1045 2083 1165 2160 etiam
1185 2110 1258 2190 pe·

77 2192 244 2286 timus,
263 2212 310 2273 ut
327 2220 408 2300 quo
427 2193 560 2272 animo
585 2219 743 2299 quoque
768 2190 895 2271 studio
919 2193 960 2270 in
984 2191 1132 2272 nostros
1152 2221 1258 2272 mer-

63 2320 270 2398 catores,
291 2303 462 2412 aliosque
488 2304 623 2383 nostrae
647 2303 870 2412 reipublicae
896 2304 1000 2384 cives
1020 2303 1258 2384 Hetruscam

64 2414 299 2495 ditionem
315 2434 562 2525 peragrantes
582 2417 774 2495 Serenitas
790 2415 928 2495 Vestra
947 2415 1147 2496 consuevit
1166 2415 1256 2511 effe,

66 2522 142 2605 in
170 2554 223 2607 eo
242 2528 339 2608 velit
364 2526 632 2637 perseverare:
664 2526 809 2636 nosque
835 2528 999 2607 viciffim
1023 2527 1258 2636 pollicemur

61 2658 223 2747 atque
238 2640 463 2750 recipimus,
480 2640 587 2749 quod
606 2638 654 2718 ad
675 2638 971 2720 Parlamentum
985 2642 1139 2734 attinet,
1156 2640 1258 2720 nihil

62 2748 352 2846 defirturum,
370 2751 478 2861 quod
502 2770 542 2832 et
563 2752 804 2831 commercio
830 2771 870 2831 et
895 2753 1077 2831 amicitiae
1096 2771 1256 2846 mutuae,

70 2886 191 2970 quae
220 2864 323 2944 inter
350 2884 558 2971 utramque
588 2862 771 2971 rempub.
802 2864 981 2943 tamdiu
1011 2865 1255 2957 inveteravit,

79 2972 307 3056 firmandae
321 3003 366 3057 ac
382 2975 618 3056 stabilienda
630 2975 743 3084 poffit
755 2976 1001 3055 conducere:
1033 2977 1257 3083 quamqui·
1287 3011 1293 3022 ·

86 3085 198 3166 dem
218 3087 402 3168 omnibus
421 3089 605 3196 utrinque
620 3084 875 3167 humanitatis
888 3087 1027 3166 officiis
1040 3086 1257 3194 mutuaque

96 3196 407 3281 observantiam
432 3219 669 3310 perpetuum
692 3198 910 3280 conservari
933 3201 1116 3308 cupimus
1140 3217 1259 3307 atque

102 3329 305 3421 optamus.

191 3436 515 3546 Westmonasterio.
565 3438 662 3546 May
683 3458 751 3529 22,
780 3437 899 3543 1651.

110 3822 392 3903 Parlamentum
414 3820 643 3930 Reipublicae
661 3822 819 3929 Angliae
830 3818 1049 3929 serenifflmo
1068 3853 1115 3904 ac
1126 3840 1259 3933 poten-

161 3932 481 4126 {iiiffisinc'pi
498 3933 685 4044 Philippo
701 3937 849 4042 Quarto
865 3934 1136 4043 Hispaniarum
1148 3934 1260 4046 Regi,

109 4206 410 4399 PErmagnas
431 4204 543 4285 nobis
563 4203 739 4313 querelas
754 4201 936 4283 deferunt
951 4200 1067 4307 hujus
1085 4202 1257 4310 Reipub.

220 4336 455 4399 mercatores
487 4318 556 4426 qui
584 4317 625 4395 in
652 4316 867 4395 ditionibus
890 4316 1023 4424 vtssrae
1049 4310 1262 4421 Majestatis

100 4448 368 4513 mercaturam
387 4428 553 4523 faciunt,
573 4428 622 4509 de
646 4428 685 4506 vi
712 4428 836 4508 multa
865 4447 981 4535 atque
1008 4425 1159 4530 injuriis
1188 4424 1261 4504 fibi
