2956 4980
160 221 239 326 396
469 195 681 331 Epistolae
710 194 989 294 Familiares.

158 396 326 487 partem,
348 377 466 455 tacito
485 373 675 454 Authoris
694 377 870 467 nomine,
904 391 972 452 tuo
990 399 1083 480 erga
1102 400 1168 451 me
1188 373 1312 453 studio

158 489 338 582 confisus,
367 489 407 566 in
427 486 691 566 defensronem
715 513 846 565 meam
870 511 943 592 pro
968 485 1194 565 testimonio
1213 484 1312 564 inse-

159 628 242 681 rere
261 627 339 680 non
360 598 549 678 dubitavi.
611 603 748 708 Qm
773 625 848 705 ego
868 596 1051 691 Librum,
1069 616 1114 677 ut
1132 598 1312 706 primum

160 715 199 791 in
221 712 352 791 lucem
372 710 576 819 prodierit,
597 710 624 788 s1
644 711 732 817 quis
751 711 826 788 erit
838 710 905 788 cui
925 711 1028 787 recte
1044 709 1186 817 poffim
1201 737 1313 789 com-

161 825 332 915 mittere,
354 823 593 917 mittendum
613 823 662 900 ad
678 840 716 900 te
732 820 890 901 curabo.
951 821 1019 899 Tu
1036 822 1198 901 interim
1217 848 1313 929 quas

159 937 207 1014 ad
228 963 292 1014 me
306 935 456 1013 Literas
471 933 732 1026 destinaveris,
761 931 978 1014 Tarrettino
997 933 1201 1039 Geneoenst
1212 936 1313 1015 Lon-

158 1046 241 1126 dini
255 1046 532 1137 commoranti,
548 1044 657 1150 cujus
678 1046 759 1124 illic
779 1043 940 1123 fratrem
959 1045 1073 1138 nosti,
1088 1044 1196 1126 haud
1216 1045 1313 1126 frus-

160 1176 232 1251 tra,
247 1176 359 1264 put0,
375 1155 633 1264 inscripseris:
655 1185 857 1264 perquem
872 1175 916 1234 ut
932 1156 980 1235 ad
993 1185 1060 1236 vos
1085 1156 1144 1237 hae
1160 1159 1312 1252 nostrae,

159 1270 213 1349 ita
239 1269 286 1347 ad
313 1297 381 1348 nos
411 1268 555 1361 vestrae,
581 1267 894 1347 commodiffime
925 1271 1187 1376 pervenerint.
1249 1271 1312 1349 De

159 1399 297 1460 caetero
312 1379 404 1459 scias
419 1381 555 1473 velim,
570 1399 608 1459 et
626 1399 663 1459 te
677 1380 839 1488 plurimi
854 1398 922 1458 tuo
937 1381 1078 1461 merito
1094 1379 1116 1459 b
1132 1411 1199 1461 me
1213 1382 1311 1475 fieri,

161 1520 307 1600 meque
327 1494 385 1571 uti
404 1520 521 1600 porro
542 1491 608 1570 abs
629 1511 665 1570 te
685 1491 841 1599 diligar,
863 1490 1061 1600 imprimis
1082 1495 1199 1577 velle.
1375 1502 1378 1511 '

132 1653 135 1658 ·
248 1603 566 1712 Westmonasterio,
589 1604 727 1683 Martii
750 1629 815 1703 24·
845 1603 891 1682 16
897 1628 962 1709 54.

225 1998 285 2079 18.
319 1999 483 2079 Henrico
506 1998 740 2189 Oldenbtggo
761 2001 1003 2129 Bremenfium
1023 2004 1071 2083 ad
1088 2006 1178 2084 Sen.
1202 2007 1255 2084 A.

697 2132 826 2192 ratorr.

265 2271 546 2380 Ccupatiorem
577 2291 803 2380 repererunt
830 2301 894 2351 me
932 2295 1004 2351 tuae
1043 2276 1183 2353 Literae
1217 2304 1313 2383 quas

292 2382 528 2463 Adolescens
557 2383 760 2463 Ranaleius
784 2384 928 2477 attulit,
956 2386 1059 2464 unde
1088 2414 1212 2494 cogor
1238 2387 1313 2466 effe

160 2494 315 2572 brevior
338 2522 457 2601 quam
482 2495 650 2574 vellem:
684 2514 725 2575 tu
751 2524 842 2574 vero
874 2523 968 2603 quas
1000 2497 1132 2578 abiens
1157 2500 1312 2607 promi-

162 2607 273 2697 seras,
304 2633 366 2683 eas
387 2608 439 2683 ita
466 2605 587 2713 probe
613 2607 825 2700 reddidisti,
857 2629 900 2687 ut
922 2636 970 2687 aes
995 2609 1166 2689 alienum
1193 2638 1314 2690 nemo

162 2717 326 2796 sanetius
347 2717 396 2795 ad
418 2715 613 2811 calendas,
642 2719 772 2811 credo,
805 2718 1053 2827 persolvisset.
1114 2722 1313 2802 Seceffum

162 2830 278 2909 istum
300 2827 386 2922 tibi,
408 2830 586 2938 quamvis
607 2829 709 2908 mihi
729 2829 857 2909 fraudi
878 2831 936 2923 fit,
964 2850 1095 2911 tamen
1119 2837 1311 2940 quoniam

163 2941 234 3020 tibi
247 2940 303 3019 est
320 2941 525 3049 voluptati,
543 2942 741 3047 gratulor;
764 2963 850 3021 tum
871 2943 980 3022 illam
992 2972 1150 3051 quoque
1165 2943 1312 3025 foelici-

163 3073 281 3132 tatem
306 3052 428 3131 animi
451 3055 522 3145 tui,
547 3081 667 3161 quem
687 3053 734 3132 ab
760 3053 907 3133 urbano
927 3055 989 3133 vel
1013 3055 1228 3135 ambitione
1248 3059 1313 3137 vel

161 3166 242 3244 otio
262 3163 310 3242 ad
331 3163 559 3242 sublimium
587 3193 717 3243 rerum
742 3167 1119 3274 contemplationem
1144 3188 1225 3247 tam
1251 3168 1311 3249 fa-

162 3277 236 3354 cile
252 3294 362 3382 potes
375 3278 564 3356 attollere.
597 3277 707 3383 Qid
720 3296 851 3356 autem
866 3276 1023 3358 secessus
1037 3279 1104 3358 ille
1118 3279 1310 3375 conserat,

162 3405 299 3493 praeter
312 3386 523 3466 Librorum
539 3389 710 3496 copiam,
728 3388 878 3467 nescio:
901 3409 940 3468 et
959 3416 1056 3496 quos
1076 3391 1157 3493 illic
1174 3395 1310 3472 nactus

160 3525 201 3575 es
222 3496 449 3575 Studiorum
470 3500 591 3578 socios
611 3527 676 3577 eos
697 3499 831 3607 suopte
852 3503 1012 3607 ingenio
1032 3504 1162 3609 potius
1186 3532 1309 3611 quam

162 3607 364 3713 disciplina
385 3609 461 3686 loci
483 3610 576 3687 tales
596 3610 668 3686 esse
689 3613 936 3705 existimem3
959 3613 1027 3691 nisr
1048 3611 1147 3693 forte
1166 3614 1219 3693 ob
1239 3616 1309 3695 de·

161 3719 345 3799 siderium
371 3720 427 3797 tui
459 3720 632 3827 iniquior
656 3720 740 3799 sum
766 3723 828 3801 isti
855 3723 942 3802 loco
968 3725 1059 3830 quia
1087 3744 1123 3803 te
1144 3725 1307 3807 detinet.

164 3831 247 3940 Ipse
273 3832 431 3910 interim
456 3836 557 3910 recte
585 3833 872 3926 animadvertis,
903 3836 1020 3915 nimis
1050 3836 1131 3915 illic
1161 3839 1309 3918 multos

160 3943 232 4022 effe
253 3944 322 4051 qui
342 3942 416 4022 suis
432 3944 658 4024 inanissimis
674 3948 835 4052 argutiis
853 3965 933 4025 tam
949 3948 1080 4025 divina
1094 3976 1215 4055 quam
1231 3947 1307 4029 hu·

160 4082 275 4135 mana
298 4057 580 4149 contaminent,
607 4085 655 4135 ne
686 4058 800 4164 plane
826 4056 927 4136 nihil
958 4086 1072 4166 agere
1102 4061 1309 4141 videantur

159 4168 326 4274 dignum
348 4185 404 4244 tot
426 4166 639 4275 stipendiis,
667 4168 809 4276 quibus
829 4170 991 4278 peffimo
1012 4171 1173 4278 publico
1193 4174 1308 4253 alun-

161 4298 236 4357 tur.
298 4278 372 4356 Sed
394 4296 435 4355 tu
457 4278 526 4359 ista
546 4281 686 4359 melius
710 4309 780 4388 per
804 4301 840 4360 te
866 4279 977 4390 sapis.
1037 4284 1145 4362 Tam
1166 4285 1309 4365 vetusti

160 4387 181 4469 ὲ
201 4391 349 4469 diluvio
370 4390 488 4497 usque
504 4390 703 4495 St'nerssum
725 4390 825 4486 fasti,
843 4419 940 4499 quos
960 4393 1007 4473 ab
1022 4394 1169 4498 Jesuita
1187 4400 1307 4476 Mar-
