2956 4980
282 213 445 308 Literae
471 207 663 306 Oliverii
690 216 980 312 Protestoris.
1129 258 1206 337 319

237 549 469 631 Civitatibus
488 549 769 629 Helvetiorum
790 552 1040 665 Euangelriis.

58 715 234 795 Illustres
254 730 371 818 atque
391 709 619 819 ampliffimi
640 711 807 789 Domini
828 713 962 792 Amici

384 820 596 901 chariffimi
611 853 621 915 ;

169 947 203 1023 E
241 944 540 1050 Convallenſsbus
573 945 725 1023 Vicinis
765 943 898 1023 vestris
938 942 1209 1040 afflictiffimis,

194 1055 316 1163 quam
336 1055 449 1136 finte
471 1056 653 1164 Principe
675 1056 741 1134 suo
760 1057 892 1161 gravia
912 1076 951 1136 et
970 1058 1211 1138 intoleranda

58 1164 261 1271 religionis
278 1170 392 1249 causi
407 1169 516 1278 palli,
532 1164 627 1246 cbm
642 1186 801 1276 propter
818 1168 940 1276 ipsam
957 1195 1090 1249 rerum
1107 1189 1211 1249 atro·

59 1277 223 1358 citatem
246 1278 380 1360 horret
404 1308 527 1388 prope
553 1280 706 1358 animus
726 1280 934 1372 recordari,
960 1299 1046 1358 tum
1073 1281 1120 1358 ad
1142 1310 1210 1362 vos

58 1415 107 1467 ea
132 1388 296 1471 scribere
321 1392 464 1500 quibus
484 1392 635 1470 notiora
657 1391 781 1468 multo
803 1390 904 1485 sunt,
929 1391 1210 1499 supervacuum

58 1499 263 1583 duximus.
323 1503 522 1611 Exempla
550 1504 671 1581 etiam
695 1502 896 1581 literarum
919 1504 1091 1581 vidimus
1115 1532 1211 1611 quas

59 1613 203 1720 Legati
218 1615 333 1695 vestri
352 1618 458 1724 pacis
471 1615 709 1720 jamdudum
723 1615 979 1694 Pinarolianae
993 1613 1210 1696 hortatores

59 1741 179 1832 atque
209 1727 319 1807 testes
348 1728 396 1806 ad
417 1726 658 1832 Allobrogum
678 1727 838 1804 Ducem
865 1726 1045 1834 illiusque
1067 1720 1209 1807 Tauri-

60 1837 176 1942 nerfis
191 1839 342 1917 consilii
357 1839 562 1918 Praesrdem
578 1836 832 1946 scripserunt;
854 1839 896 1916 iu
916 1838 1058 1945 quibus
1079 1858 1211 1946 ruptas

61 1947 136 2028 esse
152 1977 290 2030 omnes
310 1951 415 2058 pacis
444 1951 703 2042 conditiones,
728 1950 882 2057 illisque
909 1949 1058 2029 miseris
1086 1947 1213 2029 fraudi

60 2057 193 2168 potius
209 2060 328 2171 quim
343 2061 537 2142 securitati
553 2060 664 2141 fuisse
681 2061 919 2167 fingulatim,
931 2061 1139 2140 ostendunt
1154 2080 1213 2141 at-

64 2200 142 2279 que
158 2174 359 2253 evincunt.
421 2179 605 2283 Qarum
624 2171 879 2252 violationem
902 2172 950 2250 ab
976 2173 1060 2281 ipsi
1083 2172 1213 2251 statim

65 2311 162 2391 pace
178 2284 266 2365 dato
285 2287 326 2363 in
345 2283 452 2364 hunc
472 2284 594 2392 usque
612 2284 717 2363 diem
732 2285 1014 2376 continuatam,
1031 2302 1070 2362 et
1089 2284 1214 2363 indies

64 2397 286 2502 graviorem
306 2397 376 2476 nist
396 2424 506 2505 aequo
523 2397 656 2475 animo
676 2395 976 2503 patiuntur,nis1
997 2395 1032 2473 se
1053 2395 1214 2474 concul-

64 2508 208 2588 candos
226 2507 341 2617 plane
361 2529 400 2589 et
420 2507 716 2617 pessumdandos
739 2507 986 2616 prosternunt
1010 2526 1127 2614 atque
1145 2506 1215 2584 ab·

59 2618 219 2723 jiciunt‚
255 2620 444 2727 religione
478 2620 599 2699 etiarn
637 2620 797 2725 ejurati,
836 2619 1039 2728 impendet
1077 2619 1215 2697 eadem

67 2732 281 2824 calamitas,
302 2733 441 2811 eadem
461 2730 618 2837 strages,
646 2759 731 2838 quae
751 2729 851 2839 ipsos
871 2758 966 2809 cum
985 2729 1217 2837 conjugibus

67 2869 110 2920 ac
131 2842 264 2923 liberis
288 2845 403 2923 tertio
423 2841 566 2923 abhinc
591 2869 692 2922 anno
712 2842 763 2920 fic
783 2842 1045 2921 miserabilem
1066 2843 1104 2919 in
1126 2870 1215 2920 mo-

66 2953 164 3032 dum
180 2956 330 3035 attrivit
348 2974 465 3062 atque
485 2951 642 3045 afflixit,
657 2973 697 3033 et
717 2953 912 3032 subeunda
933 2956 1079 3033 iterum
1099 2953 1125 3030 fi
1144 2951 1213 3045 est,

68 3062 231 3146 funditis
247 3067 471 3146 eradicabit.
515 3066 626 3176 Qid
641 3083 756 3171 agant
772 3065 901 3144 miseri
917 3066 930 3141 ,Ρ
950 3064 1092 3172 quibus
1108 3063 1215 3142 nulla

70 3176 306 3286 deprecatio,
339 3178 447 3257 nulla
479 3177 691 3285 respiratio,
720 3176 875 3255 nullum
902 3174 1030 3255 adhuc
1061 3194 1215 3254 certum

70 3287 299 3398 perfugium
320 3291 469 3399 patuit3
497 3317 555 3368 res
579 3288 634 3368 est
657 3317 750 3367 cum
771 3286 862 3369 feris
883 3307 949 3367 aut
968 3315 1062 3366 cum
1089 3284 1215 3381 furiis,

69 3401 212 3506 quibus
234 3404 411 3510 priorum
430 3400 597 3480 caedium
617 3399 832 3479 recordatio
853 3400 1001 3478 nullam
1023 3399 1215 3506 poeniten-

70 3513 180 3605 tiam,
201 3536 268 3592 aut
287 3513 445 3592 suorum
465 3513 614 3591 civium
635 3510 939 3603 miserationem,
957 3511 1114 3589 nullum
1130 3510 1214 3588 sen-

71 3622 156 3703 sum
182 3622 438 3703 humanitatis
464 3642 531 3702 aut
561 3621 750 3701 fundendi
777 3623 972 3730 sanguinis
1004 3621 1217 3701 satietatem

72 3735 215 3814 attulit.
256 3737 354 3814 Haec
370 3734 528 3814 ferenda
545 3732 658 3842 plani:
676 3762 752 3812 non
767 3734 866 3827 sunt,
888 3736 963 3813 s1ve
980 3731 1115 3813 fratres
1132 3731 1217 3811 nos-

72 3864 148 3926 tros
177 3847 431 3953 Convollerss’s
456 3845 679 3925 Orthodoxae
698 3846 899 3952 Religionis
923 3846 1092 3925 cultores
1115 3845 1217 3922 anti-

72 3959 387 4066 quiffimos,s1ve
415 3958 537 4066 ipsam
569 3959 822 4064 Religionem
854 3957 995 4036 salvam
1019 3955 1216 4035 volumus.

74 4072 125 4150 Et
151 4099 222 4152 nos
246 4071 409 4178 quidem
435 4071 612 4149 locorum
639 4069 842 4149 intervallo
869 4071 956 4177 plus
985 4068 1110 4147 nimio
1142 4067 1218 4146 dis-

66 4182 207 4287 juncti,
223 4183 331 4290 quod
350 4184 436 4290 opis
451 4201 518 4260 aut
537 4181 732 4261 facultatis
752 4181 886 4260 nostrae
906 4180 996 4273 fuit,
1016 4199 1055 4258 et
1072 4179 1217 4289 praesti-

74 4295 191 4373 timus
216 4322 266 4373 ex
291 4295 440 4385 animo,
470 4313 509 4372 et
535 4292 709 4401 praestare
739 4322 816 4372 non
847 4294 1077 4372 desinemus.
1136 4291 1219 4368 Vos

75 4407 142 4512 qui
162 4433 240 4486 non
259 4406 379 4485 modo
399 4403 565 4484 fratrum
587 4405 821 4485 cruciatibus
846 4433 890 4484 ac
915 4402 1016 4514 pene
1035 4401 1219 4482 clamori-
