2956 4980
155 258 237 341 450
452 208 744 310 Prolusrones
769 215 1011 309 Oratoriae.

157 391 293 485 risum,
314 417 363 469 ne
384 388 608 498 praecinenti
627 387 687 466 ori
712 385 897 481 succinat,
918 408 958 468 et
976 389 1185 495 aenigmata
1203 413 1308 497 quae-

159 505 251 586 dam
269 504 404 581 nolens
419 500 574 580 assutiat
587 499 653 579 sua
668 500 902 608 nonSphinx
914 499 1186 607 sedSphine'ser
1199 526 1309 590 anus,

160 645 246 725 quae
262 613 426 693 medicis
444 611 734 721 interpretanda
754 638 833 691 non
851 610 987 722 Oedipo
999 612 1207 719 relinqu0;
1238 638 1312 690 no·

161 728 236 809 lim
261 727 369 805 enim
392 723 509 803 hilari
540 724 647 804 vocis
680 722 772 803 sono
803 724 1039 833 obstrepat
1028 753 1069 803 1n
1097 722 1176 802 hoc
1205 740 1312 802 coetu

162 839 333 949 posticus
364 838 560 944 gemitus·
592 835 752 914 Solvant
784 836 856 915 ista
889 836 1044 916 Medici
1072 835 1144 943 qui
1177 835 1313 913 alvum

164 949 330 1031 solvunt.
391 949 432 1026 Si
451 949 538 1055 quis
566 946 768 1026 strenuum
792 966 832 1028 et
853 947 1005 1027 clarum
1036 974 1114 1026 non
1144 946 1314 1025 ediderit

166 1088 362 1153 murmur,
383 1087 476 1138 eum
496 1086 571 1166 ego
590 1057 807 1139 asseverabo
828 1079 909 1138 tam
931 1086 1092 1166 gravem
1112 1076 1153 1137 et
1173 1057 1315 1136 morti·

167 1171 297 1252 ferum
322 1169 499 1250 saucibus
523 1168 703 1249 exhalare
728 1169 923 1280 spiritum,
952 1190 996 1249 ut
1013 1168 1075 1249 vel
1094 1173 1234 1262 AEtna,
1253 1169 1316 1247 vel

167 1287 350 1364 Avernus
361 1281 461 1360 nihil
475 1280 591 1391 spiret
612 1283 770 1376 tetrius3
792 1300 976 1361 autcerte
989 1281 1128 1360 allium
1141 1299 1316 1390 autpor-

166 1423 256 1476 rum
275 1394 484 1474 comedisse
503 1394 671 1486 dudum,
695 1395 792 1473 adeo
823 1413 868 1474 ut
890 1421 969 1472 non
995 1393 1136 1472 audeat
1162 1392 1316 1500 aperire

169 1536 227 1601 os,
267 1536 315 1586 ne
347 1507 495 1585 vicinos
523 1504 697 1613 quosque
726 1505 864 1584 soetido
894 1504 1018 1584 halitu
1049 1522 1202 1584 enecet.
1262 1504 1319 1581 At

169 1647 261 1698 vero
281 1618 377 1698 absrt
397 1646 513 1727 porro
533 1617 580 1696 ab
601 1615 678 1696 hoc
697 1636 799 1695 coetu
824 1615 1041 1696 horrendus
1065 1633 1106 1696 et
1131 1626 1319 1695 tartareus

170 1730 238 1810 ille
259 1730 357 1808 srbili
378 1730 504 1822 sonus,
535 1757 627 1807 nam
656 1729 683 1808 ss
709 1727 774 1808 hle
796 1730 976 1808 audiatur
995 1727 1130 1821 hodie,
1161 1727 1319 1806 credam

171 1869 247 1949 ego
266 1842 299 1920 F
303 1842 403 1920 urias
423 1860 464 1921 et
484 1839 700 1920 Eumenides
719 1842 820 1920 inter
839 1869 907 1920 vos
927 1840 1079 1920 occulte
1099 1841 1268 1930 latitare,
1282 1859 1320 1917 et

172 1980 317 2059 angues
337 1952 422 2031 suos
438 1952 693 2059 colubrosque
708 1952 931 2060 petitoribus
942 1950 1075 2031 vestris
1088 1950 1320 2042 immiffisse,

172 2083 212 2143 et
239 2063 404 2172 proinde
429 2062 701 2142 Athamanteae
728 2064 896 2144 Furores
925 2063 1037 2143 vobis
1066 2061 1321 2172 inspiraviffe.

174 2177 232 2254 At
250 2176 466 2269 enimvero,
479 2175 725 2267 Academici,
740 2175 905 2255 vestram
919 2203 996 2282 ego
1012 2175 1053 2254 in
1068 2203 1134 2254 me
1153 2174 1325 2253 benevo-

176 2287 339 2367 lentiam
363 2287 536 2367 demiror
560 2305 676 2394 atque
706 2286 923 2381 exosculor,
953 2289 1024 2396 qui
1053 2315 1119 2366 me
1148 2287 1324 2366 audituri

176 2427 246 2508 per
266 2398 443 2479 flammas
461 2416 500 2478 et
513 2400 621 2506 ignes
637 2399 826 2506 irrupistis
843 2400 883 2478 in
903 2398 1009 2478 hunc
1027 2398 1176 2481 locum.
1213 2398 1326 2478 Hinc

175 2512 342 2589 enimin
364 2511 447 2618 ipso
467 2511 629 2589 limine:
662 2511 870 2590 scintillans
896 2510 963 2589 ille
989 2510 1116 2590 noster
1137 2509 1327 2590 Cerberus

176 2621 284 2715 astat,
299 2641 338 2700 et
354 2621 509 2701 fumido
522 2623 661 2701 latratu
676 2620 889 2716 horribilis,
903 2621 1169 2730 flammeoque
1189 2620 1326 2701 corus·

176 2760 265 2812 cans
292 2733 433 2812 baculo
453 2732 604 2812 favillas
631 2734 749 2841 pleno
773 2762 840 2813 ore
865 2737 1013 2841 egerit;
1045 2734 1155 2813 illinc
1186 2734 1326 2813 ardens

178 2864 218 2924 et
236 2846 501 2925 voraciffimus
522 2846 678 2924 Fornax
705 2846 832 2924 noster
856 2847 1002 2926 luridos
1028 2850 1177 2926 eruerat
1200 2847 1327 2952 ignes,

178 2976 217 3035 et
234 2956 422 3038 tortuosos
436 2957 539 3036 sumi
555 2957 692 3063 globos
710 2958 872 3050 evolvit,
888 2959 985 3037 adeo
998 2977 1042 3037 ut
1058 2985 1136 3037 non
1158 2957 1203 3037 srt
1221 2957 1329 3036 diffi-

178 3069 323 3148 cilius'
313 3089 386 3148 ster
405 3070 452 3149 ad
469 3068 613 3147 inferos
629 3069 723 3147 vel
712 3070 836 3148 tnvito
857 3071 1042 3150 Plutone:
1072 3089 1113 3148 et
1129 3086 1238 3149 certe
1257 3094 1329 3147 nec

179 3179 260 3288 ipse
281 3180 402 3316 Jcffon
428 3182 573 3260 minori
589 3207 692 3264 cum
717 3180 894 3289 periculo
918 3182 1037 3261 boves
1069 3180 1157 3262 illos
1178 3180 1329 3261 Martis

179 3327 228 3372 πυ
229 3287 421 3396 ριπνέοντας
448 3291 643 3401 aggressus
672 3291 741 3371 est.
801 3293 972 3401 Jamque
992 3294 1222 3387 Auditores,
1245 3320 1328 3372 cre·

179 3402 260 3482 dite
273 3431 340 3482 vos
361 3406 400 3481 in
415 3405 562 3482 coelum
579 3424 767 3512 receptos,
782 3405 1034 3512 posteaquam
1046 3405 1213 3484 evasrstrs
1234 3431 1328 3512 pur-

180 3516 392 3618 gatorium,
414 3535 452 3592 et
473 3514 600 3593 nescio
629 3543 708 3622 quo
738 3543 840 3594 novo
870 3517 1061 3595 miraculo
1090 3544 1140 3596 ex
1170 3515 1328 3595 fornace

181 3624 306 3703 calida
332 3624 423 3703 salvi
450 3624 660 3731 prodiistis,
691 3655 819 3733 neque
843 3626 929 3705 sane
952 3626 1056 3706 mihi
1084 3627 1126 3706 in
1149 3646 1328 3707 mentem

181 3739 289 3815 venit
309 3737 426 3815 ullius
438 3736 584 3816 Herois
599 3736 709 3841 cujus
730 3737 1002 3817 fortitudinem
1015 3740 1229 3818 commode
1241 3738 1329 3847 pos-

182 3847 253 3927 srm
273 3850 404 3928 vestrae
423 3848 673 3957 aequiparare,
687 3877 814 3958 neque
834 3852 942 3928 enim
955 3851 1251 3960 Bellerophontes
1265 3850 1329 3928 ille

182 3960 427 4064 ignivomam
450 3960 672 4041 Clu'maeram
691 3963 900 4042 animofius
920 3962 1146 4056 debellavit,
1174 3989 1248 4041 nec
1266 3989 1329 4040 va·

182 4070 355 4151 lidiffimi
376 4072 433 4150 illi
450 4073 572 4177 Regis
589 4074 764 4154 Arthuri
775 4075 943 4182 pugiles,
964 4074 1080 4176 igniti
1096 4092 1136 4154 et
1155 4073 1328 4153 flammi·

182 4185 351 4288 gerontis
374 4182 534 4261 Castelli
573 4185 861 4264 incantamenta
900 4188 1079 4266 vicerunt
1110 4183 1267 4265 facilius
1292 4202 1329 4262 et

183 4293 436 4403 diffiparunt;
465 4312 581 4400 atque
602 4294 694 4375 hinc
722 4296 837 4387 subit,
868 4315 911 4376 ut
935 4323 1052 4404 puros
1077 4296 1180 4376 mihi
1200 4297 1328 4376 Audi-

185 4424 286 4485 tores
306 4427 345 4487 et
365 4405 587 4485 lettiffimos
607 4408 807 4515 pollicear,
833 4408 858 4486 fi
884 4409 979 4515 quid
1000 4412 1108 4489 enim
1128 4407 1232 4489 faecis
1253 4407 1327 4488 huc
