2956 4980
164 253 186 306 2
192 228 264 335 56,
383 215 545 308 Literae
570 208 764 308 Oliverii
788 213 1081 309 Protectoris.

159 387 268 468 cultu
284 387 452 496 purioris
464 387 548 493 jam
564 387 699 468 multis
711 387 759 465 ab
774 386 917 468 saeculis
933 407 1046 468 notos
1062 414 1108 468 ac
1123 387 1310 481 celebres,

159 501 360 606 religionis
392 501 507 580 causis
540 497 682 578 finibus
714 501 848 607 patriis
877 500 1069 609 exegerit,
1093 518 1148 595 et,
1180 500 1311 580 occisis

160 613 381 722 permultis,
411 611 580 718 reliquos
609 639 678 719 per
706 611 772 691 illa
797 612 1048 693 desertissima
1080 611 1168 692 loca
1200 614 1310 692 malis

158 725 342 804 omnibus
367 741 407 802 et
431 722 595 802 miseriis
622 724 757 832 inopes
784 752 829 803 ac
852 726 977 804 nudos
1003 723 1243 833 exposuerit,
1273 742 1310 802 et

159 837 304 917 audisse
325 836 564 942 jamdudum
587 835 821 915 arbitramur
843 836 1095 943 Majestatem
1113 835 1309 929 Vestram,

159 966 199 1027 et
224 948 493 1055 gravissimum
517 974 568 1025 ex
593 973 638 1025 ea
669 975 725 1040 re,
757 962 875 1056 prout
902 968 1055 1029 tantum
1080 947 1311 1055 Reformatae

161 1061 274 1140 Fidei
289 1057 548 1139 Defensorem
560 1086 604 1137 ac
618 1059 845 1168 Principem
865 1059 1012 1154 decuit,
1025 1060 1207 1151 dolorem
1223 1087 1310 1168 per·

159 1172 314 1281 cepisse.
363 1172 568 1279 Siquidem
591 1198 663 1279 pro
681 1171 866 1251 institutis
881 1172 1103 1281 Christiana
1113 1166 1313 1278 Religionis

159 1310 246 1392 quae
265 1283 368 1363 mala
388 1302 504 1390 atque
525 1283 695 1362 miserias
715 1310 802 1392 pars
818 1283 950 1391 aliqua
969 1284 1200 1365 nostrorum
1209 1284 1310 1393 pati-

160 1415 239 1489 tur,
260 1424 395 1475 earum
421 1394 528 1474 sensu
554 1396 709 1504 penitus
734 1396 875 1474 eodem
900 1397 1007 1504 tangi
1030 1423 1168 1477 omnes
1192 1395 1311 1475 debe-

159 1534 270 1603 mus;
292 1528 331 1587 et
347 1505 433 1586 sane
445 1508 630 1586 omnibus
647 1507 758 1586 nobis
774 1525 815 1587 et
830 1507 1007 1588 universo
1022 1507 1312 1617 Protrysantium

161 1621 315 1698 nomini
339 1616 406 1724 huj
412 1648 455 1698 us
479 1617 572 1699 fasti
599 1636 760 1698 eventus
787 1637 903 1727 atque
925 1620 1181 1748 exemplum,
1214 1619 1311 1728 quid

159 1732 326 1842 periculi
344 1732 534 1825 ostendat,
555 1758 673 1811 nemo
691 1729 829 1810 Vestra
849 1731 1070 1838 Majestate,
1091 1733 1120 1812 si
1138 1759 1213 1812 nos
1231 1731 1312 1838 ejus

159 1843 349 1953 pietatem
375 1862 492 1950 atque
523 1843 774 1952 prudentiam
805 1841 908 1922 reste
939 1845 1137 1938 novimus,
1170 1844 1313 1923 melius

159 1955 279 2037 videt.
340 1955 599 2062 Scripsrmus
588 1972 721 2063 itaque
737 1952 919 2050 libenter,
933 1973 979 2035 ut
993 1984 1114 2063 quem
1131 1955 1313 2036 dolorem

160 2067 212 2145 ob
243 2064 346 2145 hanc
377 2066 562 2146 Fratrum
597 2066 1001 2146 innocentiffimorum
1030 2067 1315 2161 calamitatem,

160 2206 282 2285 quam
302 2177 545 2271 sententiam,
566 2178 674 2285 quod
688 2177 886 2284 judicium
906 2178 955 2258 de
975 2207 1016 2259 re
1036 2198 1117 2261 tota
1136 2181 1314 2260 vestrum

160 2290 235 2369 effe
259 2289 471 2400 speramus,
498 2291 607 2369 idem
628 2288 741 2399 plane
766 2309 805 2369 et
825 2289 1000 2371 nostrum
1020 2290 1094 2372 esse
1118 2290 1318 2399 fignifice·

161 2431 265 2481 mus.
327 2404 465 2509 ltaque
488 2402 536 2480 ad
561 2403 708 2482 Ducem
729 2400 928 2484 Sabaudiae
956 2403 1086 2484 literas
1113 2403 1318 2497 dedimus,

161 2515 203 2592 in
223 2513 366 2620 quibus
386 2516 444 2594 uti
461 2513 610 2593 miseris
629 2532 746 2624 atque
768 2513 1007 2637 supplicibus
1027 2533 1174 2623 parcat,
1194 2515 1320 2596 illud-

161 2653 238 2732 que
255 2645 367 2704 atrox
386 2626 560 2704 edictum
581 2654 696 2734 porro
716 2624 790 2704 effe
810 2630 940 2707 ratum
961 2654 1009 2705 ne
1029 2627 1126 2707 sinat
1145 2654 1320 2735 magno·

162 2764 255 2846 pere
285 2737 333 2815 ab
362 2735 410 2814 eb
440 2737 664 2844 petivimus
734 2739 856 2866 Qod
886 2738 913 2816 si
944 2738 1029 2844 Ma
1033 2741 1129 2820 estas
1157 2740 1320 2834 Vestra,

162 2849 367 2956 caeterique
387 2848 685 2954 Reformatorum
717 2851 913 2960 principes
945 2849 1127 2945 fecerint,
1155 2870 1201 2930 ut
1226 2850 1319 2956 jam

163 2958 294 3040 secisse
310 2960 521 3054 credimus,
543 2962 624 3070 spes
645 2962 701 3040 est
720 2962 834 3041 leniri
854 2962 956 3071 posse
978 2963 1216 3043 Sereniffimi
1229 2965 1324 3042 Du·

163 3073 218 3152 cis
234 3073 427 3167 animum,
445 3092 484 3151 et
504 3070 635 3152 hanc
625 3101 726 3152 iram
743 3057 851 3152 suam
868 3092 926 3153 tot
942 3073 1129 3153 saltem
1092 3076 1323 3157 vicinorum

166 3185 398 3293 Principum
423 3184 682 3264 intercessioni
714 3203 831 3293 atque
858 3186 1045 3268 instantiae
1070 3187 1323 3267 condonatu-

163 3323 277 3388 rum3
300 3296 354 3374 srn
368 3295 634 3403 perseverare
623 3325 664 3375 rn
680 3297 857 3375 instituto
873 3296 939 3380 suo
951 3299 1148 3391 maluerit,
1162 3321 1322 3407 paratos

24 3516 28 3521 Ι
164 3433 234 3485 nos
264 3405 337 3484 effe
364 3405 550 3486 testamur
573 3436 666 3488 cum
688 3407 915 3537 Majestate·
914 3410 1065 3503 Vestra,
1086 3410 1323 3538 ‘caeterisque

165 3518 386 3623 Religionis
407 3517 645 3600 Reformatae
665 3519 777 3599 sociis
796 3548 884 3603 earn
904 3521 1003 3600 inire
1024 3523 1219 3602 rationem
1238 3525 1324 3652 qud

165 3647 223 3708 tot
243 3628 473 3708 miserorum
489 3628 700 3711 hominurn
716 3631 919 3710 subvenire
931 3634 1233 3741 quamprimum
1255 3637 1323 3713 in-

164 3742 277 3849 opiae,
291 3741 496 3848 providere
508 3732 622 3820 saluti
640 3771 684 3822 ac
701 3743 872 3822 libertati
889 3772 960 3851 pro
977 3745 1082 3824 virili
1102 3763 1212 3854 parte
1229 3746 1324 3826 nos·

166 3872 223 3932 tra
243 3853 442 3961 poffimus.
501 3855 677 3933 Vestrae
667 3873 815 3933 interea
835 3855 1034 3961 Majestati
1060 3855 1163 3936 bona
1181 3860 1325 3937 omnia

165 3983 282 4070 atque
303 3961 459 4044 fausta
446 3992 468 4042 a
487 3968 578 4045 Deo
601 3967 699 4073 Opt.
722 3968 839 4045 Max.
860 3994 1084 4075 precamur

253 4087 571 4198 Wrstmonasterio.
594 4091 701 4170 Maii
722 4091 768 4169 16
775 4117 840 4196 55.
