2956 4980
405 225 620 361 Epistola
648 224 925 323 Familiares.
1162 262 1235 347 39¹

91 395 255 478 facultas
275 399 382 479 nulla
401 400 515 481 effet:
538 404 578 482 id
594 430 686 483 vero
706 403 1005 511 quamprimum
1025 400 1152 480 facere
1171 427 1240 479 co-

91 511 286 615 gitantem
307 513 515 620 inopinatae
533 515 712 621 quaedam
731 515 1007 621 occupationes
1026 512 1240 621 excepere3

90 649 178 729 quae
195 623 266 702 nist
285 623 521 718 accidiffent,
538 626 706 706 Librum
726 624 917 734 profecto,
937 624 1169 705 defenfionis
1188 624 1239 702 li-

90 751 154 813 cet
175 735 290 814 titulo
311 737 527 830 munitum,
553 766 630 818 non
651 740 705 817 ita
724 737 876 817 nudum
896 737 941 817 ad
965 756 1002 816 te
1022 736 1099 815 fine
1118 762 1241 814 excu-

91 845 236 925 satione
264 848 471 941 misrffem3
502 877 597 929 cum
628 877 718 929 ecce
744 868 818 928 tuae
848 849 897 928 ad
929 878 994 928 me
1026 848 1167 940 alterae,
1199 847 1239 924 in

89 958 234 1065 quibus
246 986 319 1065 pro
334 961 506 1040 muneris
520 962 706 1041 tenuitate
720 960 807 1041 satis
822 958 1013 1069 supe‘rque
1025 960 1239 1067 gratiarum

91 1067 179 1148 sunt
201 1073 305 1149 aaae.
367 1073 421 1150 Et
444 1091 526 1151 erat
550 1074 714 1182 quidem
737 1070 844 1152 haud
872 1072 992 1152 semel
1019 1073 1058 1149 in
1091 1071 1238 1162 animo,

91 1181 245 1260 Latinis
265 1183 341 1261 tuis
362 1183 490 1262 nostra
509 1212 720 1292 reponere;
754 1186 885 1291 utqui
910 1183 1129 1262 sermonem
1153 1181 1241 1259 nos-

89 1309 197 1371 trum
223 1295 365 1372 exteris
386 1295 584 1389 omnibus,
605 1324 702 1403 quos
723 1321 797 1401 ego
815 1297 977 1403 quidem
999 1294 1104 1384 novi,
1124 1320 1240 1371 accu-

89 1405 221 1507 ratius
236 1432 281 1484 ac
312 1404 480 1486 foelicius
508 1408 755 1500 addidiceriS,
780 1434 973 1514 nequam
999 1405 1240 1485 occafionem

88 1516 260 1596 eundem
280 1545 438 1625 quoque
459 1516 663 1612 scribendi,
681 1518 787 1626 quod
804 1546 911 1625 aeque
932 1538 969 1596 te
989 1517 1154 1595 arbitror
1173 1543 1238 1594 ac-

89 1647 223 1708 curate
243 1629 363 1736 posse,
380 1631 591 1710 amitteres.
650 1631 802 1709 Verum
815 1631 853 1707 id
868 1648 986 1737 prout
1001 1626 1146 1707 dehinc
1162 1628 1241 1705 im-

91 1758 205 1847 petus
226 1741 373 1835 tulerit,
400 1761 466 1821 tua
485 1742 647 1850 perinde
667 1743 778 1851 optio
801 1741 860 1819 s1t.
920 1743 986 1820 De
1009 1756 1242 1846 argumento

91 1852 199 1958 quod
219 1851 365 1946 scribis,
393 1854 507 1962 plane
533 1882 692 1934 mecum
716 1853 845 1945 sentis,
871 1854 1086 1931 clamorem
1113 1849 1237 1955 istius-

90 1964 200 2043 modi
220 1965 268 2043 ad
288 1964 436 2045 coelum
456 1966 581 2046 sensus
597 1993 733 2045 omnes
754 1962 947 2044 humanos
968 1962 1130 2070 fugere:
1159 1990 1240 2069 quo

90 2076 359 2184 impudentior
380 2078 424 2156 srt
441 2078 488 2171 is,
506 2078 651 2157 neceffe
668 2077 737 2169 est,
751 2078 820 2185 qui
836 2076 979 2156 audiffe
995 2075 1031 2154 se
1047 2102 1139 2154 eum
1161 2093 1241 2153 tam

90 2188 272 2267 audacter
292 2189 555 2268 affirmaverit.
617 2191 655 2269 ls
675 2207 809 2269 autem
827 2190 915 2296 quis
935 2188 994 2280 fit,
1015 2186 1242 2294 scrupulum

92 2299 280 2404 injecisti:
307 2303 417 2408 atqui
437 2302 603 2396 dudum,
627 2301 832 2409 aliquoties
858 2299 930 2378 hac
951 2299 999 2377 de
1020 2326 1060 2377 re
1080 2297 1242 2376 effemus

92 2413 284 2493 internos
305 2413 441 2504 locuti,
470 2433 592 2521 tuque
620 2440 752 2492 recens
776 2439 826 2490 ex
847 2409 1050 2492 Hollandia
1075 2405 1154 2487 huc
1173 2437 1241 2487 ve-

91 2523 218 2617 niffes,
247 2525 353 2602 nulla
374 2525 446 2603 tibi
470 2526 517 2604 de
545 2523 725 2604 Authore
749 2522 941 2601 dubitatio
968 2520 1111 2602 subesse
1131 2521 1241 2600 vide-

92 2634 229 2728 batur;
251 2637 346 2743 quin
362 2636 392 2714 is
405 2638 541 2716 Morus
554 2635 705 2716 fuiffet:
728 2663 815 2714 eam
830 2635 1020 2712 nimirum
1033 2633 1080 2711 iis
1093 2634 1133 2711 in
1147 2633 1242 2713 locis

92 2744 241 2825 famam
262 2747 483 2841 obtinuiss'e,
511 2749 711 2827 neminem
731 2767 914 2855 praeterea
935 2746 1142 2825 nominari.
1203 2744 1244 2822 Si

91 2858 187 2965 quid
207 2859 329 2965 igitur
349 2857 422 2938 hac
442 2860 491 2938 de
508 2889 547 2939 re
562 2861 706 2938 certius
723 2886 826 2937 nunc
842 2858 1007 2937 demum
1024 2855 1158 2948 habes,
1176 2882 1240 2933 me

91 2997 189 3077 rogo
218 2971 427 3049 certiorem
457 2969 589 3051 facias.
669 2973 733 3050 De
763 2971 986 3075 argumenti
1015 2968 1241 3046 tractatione

91 3082 235 3161 vellem
255 3083 441 3189 equidem
461 3084 575 3191 (quid
599 3082 706 3161 enim
734 3081 988 3187 diffimulem)
1017 3078 1084 3158 abs
1106 3098 1143 3157 te
1162 3103 1241 3156 non

90 3192 308 3287 diffentire3
342 3194 380 3272 id
405 3223 506 3303 pene
532 3215 575 3273 ut
603 3197 766 3273 audeam
800 3191 896 3300 quid
926 3191 982 3270 est
1013 3190 1119 3298 quod
1150 3216 1239 3298 per-

90 3304 247 3384 suadere
275 3303 428 3385 facilius
454 3307 581 3414 poffit,
609 3333 729 3411 quam
753 3305 943 3396 virorum,
969 3303 1093 3410 qualis
1117 3320 1159 3380 tu
1185 3328 1240 3393 es,

91 3415 341 3495 cordatorum
355 3413 976 3523 fincerumjudicium,omnlsque
989 3441 1129 3522 expers
1144 3414 1242 3491 adu-

92 3528 247 3607 lationis
265 3529 465 3608 laudatio?
501 3530 565 3608 Ad
586 3529 660 3606 alia
681 3548 724 3606 ut
744 3556 808 3606 me
831 3555 979 3634 parem,
1008 3524 1136 3604 nescio
1156 3524 1242 3602 sane

91 3667 139 3717 an
160 3639 352 3719 nobiliora
367 3659 434 3720 aut
450 3642 606 3720 utiliora
620 3640 733 3745 (quid
749 3641 857 3718 enim
874 3640 914 3717 in
927 3637 1041 3717 rebus
1057 3635 1241 3715 humanis

89 3751 286 3830 afferenda
310 3751 488 3831 libertate
516 3751 686 3833 nobilius
714 3771 782 3829 aut
812 3751 947 3829 utilius
974 3748 1047 3828 effe
1081 3747 1240 3855 poffit?)

91 3863 283 3970 liquidem
304 3891 374 3971 per
392 3864 658 3943 valetudinem
682 3880 721 3941 et
749 3861 851 3940 hanc
877 3862 1076 3939 luminum
1096 3858 1243 3937 orbita-

92 3993 190 4067 tem,
209 3976 321 4054 omni
347 3975 541 4055 senestute
565 3974 801 4081 graviorem,
827 3972 853 4049 fi
878 3972 1048 4078 denique
1074 3997 1145 4077 per
1165 3968 1241 4048 hu-

84 4085 258 4192 jusmodi
280 4087 526 4167 Rabularum
546 4087 735 4164 clamores
763 4083 934 4175 licuerit,
962 4080 1077 4161 facile
1106 4082 1242 4161 induci

91 4216 254 4307 potero:
288 4226 415 4307 neque
435 4201 543 4278 enim
563 4198 665 4276 iners
689 4196 817 4275 otium
839 4222 1015 4301 unquam
1035 4192 1137 4272 mihi
1157 4193 1243 4301 pla-

91 4311 190 4404 cuit,
225 4328 265 4388 et
297 4307 373 4390 hoc
400 4338 494 4390 cum
524 4310 713 4388 libertatis
742 4305 963 4387 adversariis
995 4306 1244 4413 inopinatum

91 4440 306 4515 certamen,
327 4423 482 4502 diversis
503 4421 634 4528 longe,
649 4439 688 4499 et
707 4418 986 4499 amoenioribus
1002 4417 1165 4497 omnino
1179 4445 1243 4496 me
