2956 4980
238 218 320 321 416
536 197 826 297 Prolufiones
854 203 1094 296 Oratoriae.

240 378 379 470 lamos,
397 393 507 456 extra
526 375 694 455 dubium
714 375 829 455 radiis
849 374 931 481 ejus
947 395 986 456 et
1006 375 1218 484 impatibili
1239 375 1395 484 fulgore

239 487 444 596 absumpta
463 487 525 566 vel
546 489 586 566 in
606 485 779 567 nihilum
799 486 1014 581 interiiffet,
1038 487 1101 565 vel
1121 490 1277 597 penitus
1297 517 1396 569 con-

241 598 444 706 flagrasset,
472 598 583 680 ficuti
608 599 707 679 olim
731 601 854 679 invito
874 600 979 708 Jove
998 599 1158 679 Amafio
1183 601 1308 680 arfiffe
1334 599 1395 679 se-

241 729 333 791 runt
362 711 545 791 Semelem
614 715 868 820 Qapropter
905 709 1016 805 huic,
1056 739 1134 790 non
1172 712 1397 821 improvida

242 823 372 902 salutis
403 823 492 917 suae,
525 821 687 902 Erebum
720 823 903 931 praetulit.
964 823 1084 903 Unde
1122 822 1264 903 scitum
1294 824 1397 902 illud

242 934 444 1015 Martialis
462 954 502 1014 et
520 933 802 1044 perurbanum,

472 1093 574 1171 Uxor
586 1090 747 1218 pffma,
760 1089 928 1200 peffimus
946 1091 1135 1183 Maritus,

468 1205 556 1282 Non
574 1202 689 1282 msror
707 1200 794 1282 bene
812 1201 1006 1282 conventre
1024 1201 1138 1282 vals.

245 1385 335 1464 Nec
356 1382 566 1461 tacendum
589 1381 788 1475 existimo,
812 1408 931 1490 quam
956 1379 1127 1460 formosa
1154 1397 1193 1458 et
1220 1378 1256 1459 se
1277 1379 1398 1481 digna

244 1496 376 1576 virum
393 1495 547 1572 auxerit
562 1493 747 1601 prole,
708 1495 900 1573 mmirum
914 1494 1121 1586 AErumna,
1139 1493 1308 1586 Invidia,
1323 1493 1399 1570 Ti-

244 1635 371 1700 more,
385 1605 506 1698 Dolo
522 1606 554 1684 F
557 1604 690 1698 raude
705 1605 937 1698 Pertinacia,
954 1606 1201 1712 Paupertate,
1215 1603 1397 1698 Miseria,

246 1721 386 1812 Fame,
401 1716 589 1827 Qerela
605 1715 770 1810 Morb0,
784 1719 1004 1808 Senedtute
1020 1716 1172 1796 Pallore
1176 1716 1397 1823 ,Caligine,

246 1833 408 1921 Somno,
425 1829 577 1921 Morte,
595 1826 809 1921 Charonte,
823 1828 1048 1937 quiultimo
1065 1828 1245 1907 natusest
1255 1846 1396 1935 partu;

245 1943 342 2021 adeo
362 1959 406 2019 ut
425 1938 491 2018 hic
511 1941 690 2048 apprime
706 1941 872 2047 quadret
890 1941 1031 2082 quod
1018 1967 1058 2018 m
1080 1938 1282 2019 Proverbii
1301 1968 1398 2018 con-

245 2052 492 2132 suetudinem
512 2053 632 2145 venit,
654 2086 762 2131 κακον
781 2048 923 2158 adporto<
941 2087 1046 2132 κακον
1065 2049 1136 2132 ab.
1197 2052 1400 2130 Caeterum

246 2192 318 2244 nec
333 2162 471 2242 desunt
485 2165 556 2271 qui
571 2164 692 2242 etiam
706 2161 912 2244 AEtherem
927 2183 966 2242 et
977 2164 1101 2243 Diem
1121 2162 1259 2242 itidem
1276 2163 1399 2244 Erebo

221 2334 222 2337 ,
246 2275 314 2356 suo
331 2277 508 2357 Nouem
523 2275 710 2384 peperisse
728 2276 896 2355 tradunt.
957 2277 1013 2354 At
1028 2276 1136 2354 enim
1151 2274 1401 2384 quotusquis-

247 2416 324 2497 que
343 2388 413 2482 est,
438 2414 515 2466 non
541 2389 670 2495 impos
696 2388 852 2480 mentis,
873 2388 942 2495 qui
974 2386 1024 2465 fic
1046 2384 1399 2497 Philosophantem

247 2526 326 2579 non
346 2498 532 2607 explodat
552 2526 597 2578 ac
613 2499 761 2604 rejiciat
776 2517 963 2606 tanquam
979 2500 1249 2579 Democritica
1267 2501 1398 2579 Com-

245 2630 379 2690 menta
399 2629 466 2689 aut
479 2611 782 2689 Nutricularum
804 2610 970 2691 Fabulas
990 2609 1283 2719 proferentem?
1314 2615 1396 2690 Ec-

246 2749 368 2830 quam
388 2722 496 2800 enim
511 2723 593 2800 veri
614 2721 784 2830 speciem
804 2750 881 2830 prae
901 2720 936 2802 se
956 2722 1047 2815 sert,
1069 2721 1171 2832 posse
1193 2721 1400 2802 obscuram

247 2852 287 2913 et
310 2832 460 2913 fuscam
485 2837 642 2912 nostem
667 2852 749 2913 tam
767 2834 1033 2927 venustulum,
1061 2853 1143 2914 tam
1170 2833 1398 2926 amabilem,

246 2962 328 3025 tam
348 2944 531 3025 omnibus
551 2964 709 3052 gratum
728 2965 1013 3055 acceptumque
1034 2946 1193 3025 reddere
1210 2948 1400 3055 partum?

250 3058 336 3168 Qi
365 3059 485 3137 etiam
512 3079 556 3136 ut
582 3059 760 3165 primum
786 3076 998 3166 conceptus
1029 3057 1133 3151 esset,
1162 3077 1400 3166 praematuro

248 3169 401 3277 impetu
422 3196 630 3277 erumpens
657 3189 745 3249 utro
769 3188 937 3263 matrem
961 3168 1161 3263 enecdsset,
1188 3169 1400 3278 ipsumque

250 3280 413 3361 Erebum
438 3298 590 3387 patrem
614 3279 799 3388 abegisset
825 3282 1018 3389 protinus,
1042 3282 1301 3390 vetulumque
1328 3311 1401 3361 co-

248 3392 382 3498 egisset
397 3394 632 3484 Charontem,
640 3413 684 3471 ut
702 3393 769 3470 sub
787 3395 869 3472 imo
883 3393 996 3501 Styge
1010 3395 1219 3473 nodturnos
1236 3393 1400 3474 abderet

249 3502 397 3594 oculos,
418 3520 457 3580 et
472 3503 498 3581 fi
515 3530 592 3609 qua
608 3503 675 3582 sub
696 3503 836 3583 inferis
856 3504 1018 3583 latibula
1038 3503 1138 3598 sunt,
1155 3523 1259 3586 uteo
1275 3505 1313 3586 se
1334 3535 1398 3585 re-

248 3613 374 3718 migio
394 3630 434 3691 et
456 3615 552 3692 velis
577 3616 779 3724 reciperet.
841 3616 931 3695 Nec
958 3616 1085 3695 solum
1113 3617 1217 3725 apud
1240 3620 1398 3697 Orcum

251 3751 330 3804 non
350 3722 405 3801 est
425 3742 536 3803 natus
557 3723 652 3819 dies,
679 3725 742 3805 sed
764 3754 812 3804 ne
832 3754 1007 3834 unquam
1026 3728 1188 3834 quidem
1208 3729 1265 3808 ibi
1285 3758 1401 3810 com·

248 3836 401 3947 paruit3
424 3864 571 3965 neque·
582 3838 708 3946 potest
727 3839 821 3918 illuc
843 3839 912 3916 nisr
937 3838 1145 3919 fatorum
1134 3841 1313 3945 ingratiis
1336 3842 1401 3920 vel

249 3977 319 4057 per
336 3948 544 4028 minimam
560 3950 771 4029 intromitti
791 3951 1001 4030 rimulam·
991 3951 1130 4058 ,quidt
1152 3953 1399 4060 quodetiam

247 4062 355 4139 diem
374 4064 486 4139 nodie
505 4062 767 4168 antiquiorem
788 4063 913 4141 audeo
932 4063 1076 4155 dicere,
1093 4091 1259 4170 eamque
1279 4092 1401 4144 mun·

249 4172 348 4251 dum
368 4199 500 4250 recens
521 4172 750 4252 emersum
735 4203 756 4253 e
779 4172 891 4253 Chao
916 4173 1058 4253 diffuso
1082 4174 1231 4253 lumine
1254 4176 1401 4255 collus-

249 4283 373 4375 trasse,
390 4283 616 4390 priusquam
634 4313 713 4363 nox
733 4285 814 4365 suas
834 4284 969 4391 egisset
987 4287 1114 4379 vices;
1144 4287 1214 4365 nisr
1235 4288 1399 4368 crassam

248 4396 359 4474 illam
379 4414 418 4472 et
434 4396 681 4476 immundam
696 4397 907 4505 caliginem
925 4401 1083 4477 noetem
1094 4397 1157 4476 vel
1170 4397 1241 4507 ipfi
1258 4400 1400 4480 Demo-
