2956 4980
299 239 463 334 Literae
484 234 677 335 Oliverii
704 235 1005 336 Proteetori's.¹
1145 279 1196 360 27
1202 280 1227 359 3

63 409 153 489 vini
171 410 318 519 optimi
336 411 459 490 culeis
478 440 529 491 ex
555 409 698 492 Tenari
725 413 751 492 ἅ
774 413 903 520 Irfiala
926 414 1135 495 Londinium
1154 415 1224 494 ad-

63 519 258 602 vehendis
272 523 470 618 onustam,
485 526 583 604 dum
599 528 701 605 inter
721 527 892 606 Palmam
907 545 947 606 et
965 527 1223 636 supradictam

65 633 234 740 Itficlam
256 635 415 717 cursum
438 655 601 731 teneret,
625 634 648 716 a
673 657 842 745 quatuor
865 640 1027 718 navibus
1051 640 1221 733 Gallicis,

64 747 108 825 in
121 747 294 856 speciem
306 747 469 858 quidem
485 751 686 842 onerariis,
704 749 767 829 sed
783 752 1058 860 praedatorium
1073 752 1114 831 in
1131 779 1221 831 mo-

66 859 168 937 dum
188 862 362 954 armatis,
382 861 528 969 quibus
541 861 717 969 AEgidius
731 861 775 942 de
793 864 832 942 la
847 867 968 943 Roclze
988 862 1221 944 Navarchus

65 990 166 1066 erat,
174 972 298 1081 primo
316 1002 362 1054 ac
373 973 541 1081 vigesimo
556 972 779 1054 Novembris
797 974 855 1054 die
869 979 949 1055 An.
966 978 1079 1057 Dom.
1099 978 1147 1056 16
1153 1002 1174 1082 5
1181 1001 1219 1081 5.

64 1104 302 1191 occupatam
323 1084 449 1178 fuiffe,
470 1104 586 1194 atque
607 1087 647 1164 in
672 1085 899 1167 orientalem
919 1087 1078 1182 Indiam,
1092 1117 1172 1196 quo
1190 1090 1221 1168 is

68 1196 144 1275 iter
163 1197 234 1277 fibi
257 1196 330 1276 effe
354 1196 600 1306 praedicabat,
622 1200 846 1278 cumomni
870 1228 988 1279 onere
1013 1230 1057 1281 ac
1084 1200 1220 1310 pleris-

66 1335 147 1415 que
171 1328 378 1389 nautarum
403 1309 638 1405 abductam3
670 1310 831 1418 reliquis
852 1313 1151 1419 quatuordecim
1171 1312 1220 1392 ad

71 1419 252 1502 Guineam
290 1421 538 1528 M'gritarum
573 1424 614 1501 in
649 1422 759 1502 littus
790 1423 989 1530 quoddam
1020 1424 1218 1533 expofitis.

70 1533 194 1645 Qud
212 1561 260 1612 eo
279 1535 438 1614 confilio
458 1533 633 1642 AEgidius
652 1533 781 1614 feciffe
801 1536 837 1613 se
853 1534 1068 1629 didtitabat,
1081 1538 1219 1643 nequis

69 1673 209 1725 corum
236 1666 411 1727 exterra
437 1669 519 1727 tam
549 1648 764 1755 longinqua
797 1665 837 1726 et
868 1645 1083 1727 inhumana
1115 1647 1217 1727 forte

10 1762 12 1771 '
69 1756 220 1866 elapsus
240 1757 462 1838 testimonio
487 1759 655 1839 laederet.
715 1759 926 1838 Fatebatur
945 1761 1068 1853 enim,
1090 1759 1126 1838 se
1151 1788 1217 1838 ne-

68 1898 144 1980 que
161 1870 354 1950 mandatis
368 1870 616 1965 instructum,
634 1890 678 1949 ut
694 1871 905 1978 Anglorum
921 1900 1036 1951 naves
1048 1891 1218 1980 caperet,

66 2009 197 2092 neque
220 1981 313 2063 alias
333 2011 429 2090 quas
456 2002 609 2093 poterat
630 2003 742 2062 antea
764 1982 920 2090 cepiffe,
946 2003 989 2063 ut
1012 2003 1218 2094 propterea

10 2146 12 2153 ·
65 2094 175 2202 quod
203 2095 306 2174 inter
334 2096 460 2174 Gallos
490 2097 740 2204 nostramque
764 2099 892 2204 Remp.
927 2125 997 2204 per
1021 2125 1086 2176 eos
1117 2096 1218 2205 ipsos

63 2207 151 2287 dies
178 2207 397 2286 conveniffe
429 2235 568 2318 pacem
592 2235 671 2287 non
700 2208 927 2315 ignorabat:
959 2208 1024 2287 sed
1054 2237 1148 2287 curn
1174 2210 1216 2286 in

62 2317 313 2425 Portugallia
342 2319 599 2399 constitutum
628 2319 696 2399 fibi
727 2320 818 2400 effet
843 2337 1085 2399 commeatus
1112 2321 1216 2399 acci-

61 2459 177 2540 pere,
198 2450 238 2510 et
263 2432 311 2511 ab
332 2431 493 2511 adverfis
516 2433 642 2511 ventis
662 2432 824 2539 rejectus
851 2433 1042 2541 attingere
1063 2459 1107 2509 ea
1130 2432 1217 2512 loca

62 2570 148 2623 non
168 2543 368 2652 potuisset,
388 2548 570 2624 coadtum
591 2543 643 2637 se,
663 2545 711 2623 ad
731 2544 990 2652 supplendum
1012 2572 1097 2651 quae
1115 2573 1216 2654 opus

64 2654 138 2735 fibi
165 2655 298 2750 effent,
319 2657 366 2736 iis
392 2657 449 2736 uti
469 2685 554 2763 quae
582 2657 621 2735 in
648 2656 718 2737 issa
750 2684 846 2736 nave
875 2656 1097 2766 reperisset:
1129 2687 1216 2738 cre·

61 2767 159 2847 dere
181 2766 217 2846 se
238 2768 417 2877 proinde,
439 2768 597 2847 illarum
623 2769 783 2848 navium
801 2768 983 2849 dominos
1003 2769 1050 2849 de
1070 2768 1217 2849 damno

65 2879 340 2963 satisfacturos.
398 2882 609 2987 ,Damnum
636 2900 769 2960 autem
790 2881 939 2961 constat
966 2881 1078 2989 supra
1108 2880 1216 2961 sede-

63 2992 275 3085 cimmille
296 2993 412 3073 libras
427 2994 630 3100 Anglicas,
647 2993 687 3071 id
705 2993 813 3101 quod
832 3022 883 3072 ex
897 2993 1036 3099 juratis
1057 2993 1215 3072 testibus

67 3101 183 3184 facile
207 3104 423 3214 apparebit,
449 3105 739 3185 Mercatoribus
763 3104 899 3184 nostris
922 3107 1071 3184 datum.
1131 3107 1216 3184 Ve-

68 3212 159 3296 rbm
175 3217 202 3295 sr
218 3237 299 3297 tam
316 3217 464 3296 levibus
481 3217 529 3296 de
544 3216 664 3296 causrs
681 3236 870 3296 temerare
884 3221 967 3296 aeta
986 3216 1213 3325 principum

66 3328 347 3436 religiofiffima
366 3348 406 3409 et
422 3330 528 3436 quafi
548 3329 719 3409 ludibrio
743 3328 886 3408 habere
907 3328 1213 3435 negotiatoribus

66 3441 265 3548 quibusvis
276 3442 328 3521 ob
343 3441 408 3521 sua
421 3442 632 3521 commoda
651 3441 820 3535 licuerit,
837 3440 1017 3520 concidet
1037 3439 1214 3548 profecto
1233 3465 1235 3469 ·

66 3555 196 3640 omnis
216 3553 377 3663 posthac
396 3552 591 3634 foederum
616 3552 805 3647 sanctitas,
827 3554 956 3632 omnis
982 3554 1214 3662 Principum

66 3664 161 3745 fides
177 3685 293 3774 atque
309 3665 523 3745 authoritas
538 3664 762 3759 obsolescet,
779 3693 929 3774 proque
946 3663 1072 3743 nihilo
1091 3665 1214 3745 habe-

66 3775 186 3858 bitur.
248 3783 503 3889 Qapropter
529 3806 605 3857 non
631 3804 813 3885 rogamus
837 3797 1005 3869 tantum,
1031 3777 1093 3855 sed
1118 3779 1214 3857 Ma-

60 3887 207 3993 jestatis
237 3890 383 3970 Vestra
409 3918 531 3999 quam
559 3888 734 3969 maxime
764 3888 939 3969 intereffe
963 3888 1214 3985 arbitramur,

67 4002 205 4110 utqui
230 4004 353 4111 Regis
377 4003 434 4082 sui
458 4001 600 4096 foedus,
625 4000 766 4109 jusque
791 4001 1005 4108 jurandum
1033 4000 1214 4082 sanetiffi-

66 4141 182 4193 mum
212 4116 333 4224 primi
362 4116 545 4195 omniurn
577 4134 658 4194 tam
689 4112 804 4193 facile
831 4114 975 4192 violare
1003 4112 1090 4193 sunt
1120 4113 1214 4208 auti,

65 4229 366 4335 quamprimum
381 4227 475 4307 dent
493 4254 626 4337 poenas
646 4243 759 4305 tantae
778 4225 947 4334 perfidiae
962 4244 1080 4333 atque
1096 4225 1216 4304 auda-

63 4339 134 4417 ciae
153 4338 326 4435 debitas;
359 4360 481 4449 utque
506 4339 665 4419 illarum
691 4341 838 4418 interea
861 4338 1021 4417 navium
1046 4336 1216 4417 Domini

62 4450 112 4530 de
136 4450 299 4546 damno,
323 4453 445 4532 etiam
471 4451 554 4561 ipso
580 4451 738 4531 suorum
763 4450 1000 4560 praejudicio,
1021 4467 1217 4529 mercato·

128 4589 147 4632 t
660 4589 689 4632 Τ
