2956 4980
302 109 467 204 Literae
492 111 687 204 Senatus
710 105 980 239 Anglicani.
1144 147 1192 229 19
1198 150 1219 230 ς

74 275 216 381 jusdam
232 280 395 375 infidiis,
411 281 482 389 qui
494 309 566 390 per
584 280 640 363 fas
660 301 701 362 et
715 280 824 362 nefas
840 285 951 364 omni
969 283 1132 364 molitus
1149 283 1218 378 est,
1263 356 1267 365 .

81 410 116 471 ut
136 421 186 502 pu
218 392 330 473 illam
364 393 621 504 locupletem,
647 395 712 473 vel
740 394 890 474 ostenso
918 396 1057 475 mortis
1091 413 1218 490 metu,

86 422 367 586 adnulendum
387 504 457 586 fibi
476 506 666 613 adigeret,
690 504 786 586 huic
811 504 892 586 tim
914 509 1037 587 atroci
1058 506 1218 616 tamque

89 614 242 697 inaudito
261 617 396 697 sceleri
413 618 545 728 primo
561 646 719 726 quoque
736 638 914 727 tempore
930 621 1218 699 occurrendum

90 726 143 808 elle
155 731 242 822 rati,
258 730 440 810 dedimus
455 729 691 839 quibusdam
704 732 925 837 negotium,
942 749 986 810 ut
1004 758 1098 810 cum
1118 758 1218 841 prae-

13 934 26 947 δ
88 835 178 921 fedis
205 842 407 951 Neoporti
437 862 478 921 et
506 842 689 922 Ostendae
710 847 820 949 (nam
852 844 894 922 in
928 871 973 922 ea
999 840 1101 922 fortd
1132 843 1218 923 loca

87 946 206 1033 infelix
238 953 307 1034 illa
338 953 543 1034 dicebatur
572 953 748 1063 appulsa)
775 974 936 1061 agerent
965 954 1015 1035 de
1046 955 1218 1062 ingenud

82 1066 230 1173 raptoris
258 1065 440 1146 manibus
469 1065 685 1175 eripiendi.
747 1067 832 1176 Ψ
862 1067 1020 1176 utrique
1049 1095 1123 1177 pro
1151 1066 1218 1148 sud

10 1211 14 1229 ·
80 1173 248 1283 fingulari
266 1177 513 1259 humanitate
533 1199 573 1258 et
591 1176 745 1258 honesti
764 1178 906 1273 studio,
926 1180 1101 1288 captivae,
1126 1207 1216 1287 per-

10 1293 11 1301 '
79 1310 142 1395 que
160 1289 415 1372 latrocinium
433 1289 556 1371 domo
578 1289 753 1371 abducrae
777 1319 897 1400 opem
922 1291 1090 1370 libenter
1113 1291 1216 1371 tule-

78 1419 179 1497 mnt3
210 1402 279 1482 illa
310 1399 404 1483 verb
429 1420 475 1481 ut
504 1403 767 1511 praedatorum
790 1404 875 1483 vim
905 1415 1066 1511 quoquo
1093 1403 1215 1482 modo

75 1510 273 1621 effirgeret,
307 1517 350 1595 in
380 1514 623 1595 Coenobium
652 1534 834 1598 voratum
863 1515 1064 1622 virginum
1092 1515 1217 1594 veluti

72 1621 261 1734 sequestri>
283 1625 456 1736 depofita
480 1626 549 1707 est.
612 1631 749 1738 Qam
774 1646 821 1709 ut
842 1626 910 1706 ille
933 1624 1101 1707 Walcius
1124 1626 1216 1711 inde

68 1736 289 1833 abduceret,
301 1740 501 1821 actionem
513 1740 555 1819 in
567 1737 654 1820 foro
667 1738 922 1820 ecclefiastico
933 1739 1093 1849 Iprensts
1106 1737 1214 1846 Epff·

66 1851 145 1961 rapi
158 1850 211 1931 de
233 1855 435 1932 contracto
454 1851 586 1933 secum
610 1853 864 1932 matrimonio
890 1852 1070 1933 instituit.
1129 1851 1214 1929 Ve-

65 1983 289 2057 runtamen,
312 1991 407 2044 cum
430 1982 471 2045 et
493 1982 626 2073 raptor
652 1983 692 2045 et
714 1982 822 2072 rapta
845 1964 1031 2044 nostrates
1050 1961 1216 2042 omninb

63 2074 150 2169 ssot,
167 2074 299 2184 ipsum
318 2077 439 2156 etiarn
458 2075 609 2156 facinus
626 2076 668 2155 in
688 2076 815 2155 nostra
837 2076 986 2158 ditione
1012 2094 1214 2184 perpetra·

64 2204 167 2280 turn,
191 2188 300 2296 quod
318 2188 460 2295 juratis
486 2188 647 2268 testibus
671 2186 825 2268 abunde
847 2188 986 2295 liquet,
1012 2186 1214 2265 hareditas

62 2297 236 2408 denique
264 2319 348 2380 tam
376 2300 496 2394 lauta,
530 2327 651 2408 quam
680 2300 795 2379 illum
826 2299 1023 2408 imprimis
1053 2295 1214 2377 inhiasse

60 2410 228 2505 constat,
243 2411 286 2490 in
302 2411 430 2493 nostrl
448 2412 636 2521 potestate
658 2410 716 2505 fit,
735 2408 851 2516 hujus
870 2431 1076 2520 propterea
1093 2408 1213 2490 causae

60 2523 336 2631 cognitionem
356 2542 495 2618 totam,
516 2542 633 2633 atque
646 2523 845 2629 judicium
865 2525 913 2603 ad
934 2551 1003 2603 nos
1023 2524 1214 2603 duntaxat

60 2637 260 2744 pertinere
275 2635 524 2717 arbitramur.
570 2637 714 2716 Veniat
728 2633 807 2716 huc
824 2636 945 2741 igitur
959 2635 1030 2743 qui
1045 2635 1082 2714 se
1096 2635 1213 2744 spon·

60 2746 150 2827 sum
168 2749 363 2842 nominat,
382 2748 490 2829 suam
509 2746 573 2828 hic
589 2749 702 2828 litem
717 2747 893 2840 instruat,
910 2774 1110 2856 quamque
1123 2746 1213 2851 jure

59 2859 172 2939 suam
188 2861 393 2941 contendit
411 2859 484 2939 effe
505 2888 686 2953 uxorem,
704 2859 804 2938 tradi
820 2858 889 2938 fibi
905 2859 1087 2967 postulet.
1118 2858 1213 2937 Hoc

59 2971 222 3051 interim
250 2968 274 3051 d
301 2972 441 3051 Vestra
471 2972 713 3052 Celfitudine
741 2968 995 3051 vehementer
1024 2969 1211 3077 petimus,

13 3114 16 3119 ’
58 3084 169 3192 quod
198 3102 238 3164 et
262 3112 332 3193 per
358 3084 533 3164 nostrum
563 3083 851 3165 internuntium
873 3082 1069 3162 Bruxellis
1099 3109 1212 3160 com·

59 3214 284 3276 morantem
304 3196 390 3302 jam
409 3197 614 3304 aliquoties
640 3195 867 3305 petivimuS,
891 3213 936 3274 ut
963 3191 1149 3273 afflictam
1173 3213 1213 3272 et

59 3305 235 3415 indignis
251 3309 378 3388 modis
397 3306 574 3388 habitam
595 3307 784 3418 puellam,
801 3305 971 3387 honestis
985 3306 1212 3416 parentibus

59 3437 205 3513 ortam,
225 3416 290 3499 sul
309 3449 359 3500 ex
381 3421 511 3503 Patria
530 3421 805 3529 praedatorium
822 3421 862 3498 in
881 3418 1047 3499 modum
1066 3418 1212 3497 abduc·

59 3548 158 3625 tam,
179 3527 308 3640 quoad
328 3551 454 3642 potes,
477 3532 642 3612 liberam
667 3551 707 3612 et
726 3531 969 3610 incolumem
989 3531 1114 3610 redire
1138 3529 1211 3609 do·

59 3670 177 3723 mum
203 3644 315 3724 linas.
373 3645 467 3724 Hoc
495 3645 563 3725 abs
594 3662 640 3723 te.
658 3671 737 3722 non
762 3671 832 3724 nos
862 3639 1031 3735 tantbm,
1061 3643 1211 3749 tiquam

61 3754 210 3841 Vestrae
237 3756 471 3836 Celfitudini
500 3783 636 3864 parem
663 3753 685 3835 d
713 3754 824 3834 nobis
850 3755 1032 3860 gratiam,
1065 3780 1212 3862 parque

61 3865 302 3947 beneficium
323 3867 432 3947 reddi
451 3867 556 3977 poffe
577 3868 777 3960 acciderit,
803 3867 866 3946 sed
886 3866 966 3975 ipsa
991 3865 1110 3944 eriam
1135 3863 1212 3944 hu·

59 3979 244 4073 manitas,
257 3979 338 4089 ipse
357 3981 485 4088 pudor
503 3980 574 4088 qui
594 3980 641 4060 ad
658 3979 850 4060 tuendum
875 3978 987 4058 sexus
1008 3978 1114 4057 illius
1134 3975 1210 4056 ho·

60 4118 201 4171 norem
219 4110 260 4171 et
278 4092 512 4201 pudicitiam
527 4093 621 4172 viris
637 4091 750 4172 bonis
768 4111 886 4199 atque
907 4088 1073 4170 fortibus
1094 4087 1210 4166 ineffe

61 4202 195 4295 debet,
201 4202 349 4308 junctis
362 4201 439 4283 uni
450 4204 631 4313 precibus
643 4202 856 4311 efflagitare
869 4203 1064 4282 videntur.
1095 4199 1209 4278 Vale.

150 4315 473 4424 Westmonasterio.
497 4317 646 4397 Martii
664 4316 731 4397 28.
769 4317 816 4395 16
821 4342 888 4422 50.
