2956 4980
393 223 627 355 Scriptum
654 227 798 317 Dom.
828 224 1118 320 Protectoris.
1254 264 1274 340 3
1282 263 1302 340 5
1311 262 1330 338 3

176 394 377 504 poscimus
414 397 453 475 in
488 395 756 476 interfectores
792 399 917 477 Dom.
951 396 1114 476 Antonii
1138 396 1330 501 Asclrami,

176 507 249 614 qui
282 506 433 588 idcirco
459 509 594 589 miffus
622 508 669 587 ab
701 507 775 587 hac
805 510 1006 616 republica
1033 510 1073 585 in
1109 509 1331 617 Hispaniam

176 617 269 712 fuit,
296 639 342 699 ut
365 619 477 700 usum
501 640 541 700 et
564 621 781 699 amicitiam
806 622 907 699 inter
932 641 1140 727 utramque
1167 639 1329 727 gentem

177 751 406 839 procuraret
431 759 475 811 ac
496 732 693 811 stabiliret.
757 733 880 839 Cujus
901 732 1070 811 barbarae
1090 732 1201 811 caedis
1221 732 1329 811 nulla

174 841 400 936 satisfactio,
426 844 581 924 nullum
605 843 844 953 supplicium
869 872 995 952 neque
1023 843 1225 953 sumptum
1256 844 1326 938 est,

176 982 306 1063 neque
326 956 530 1064 impetrari
558 984 731 1063 unquam
757 958 902 1067 potuit,
926 956 1106 1064 quamvis
1126 954 1148 1034 i
1166 954 1326 1066 *parla-

176 1085 315 1146 mento
335 1068 607 1176 postularetur,
626 1067 783 1177 ejusque
803 1070 963 1149 nomine
983 1097 1004 1146 a
1025 1068 1193 1148 concilio
1211 1068 1328 1148 status

176 1176 433 1260 vehementer
452 1207 497 1259 ac
521 1179 652 1290 saepius
678 1180 770 1260 effer
795 1180 1028 1289 flagitatum.
1088 1181 1210 1288 Qod
1236 1183 1326 1288 qui-

175 1290 269 1370 dem
291 1290 448 1372 foederis
470 1294 571 1372 inter
591 1311 798 1399 utramque
818 1313 978 1399 gentem
999 1292 1210 1371 renovandi
1230 1321 1326 1371 con-

176 1402 374 1483 tinuatum
392 1403 576 1484 hactenus
592 1404 925 1513 impedimentum
942 1425 1057 1512 atque
1071 1404 1325 1508 justiffimum

176 1513 270 1607 fuit,
303 1515 431 1596 immo
461 1516 554 1596 vero
590 1517 679 1625 (pro
706 1518 884 1624 eoquod
915 1518 962 1596 ab
991 1516 1076 1594 aliis
1104 1515 1325 1595 nationibus

177 1623 399 1708 fattitatum
419 1629 490 1734 est)
505 1629 609 1733 justa
629 1629 723 1708 belli
743 1628 854 1707 causa
873 1629 1016 1708 censeri
1036 1629 1177 1737 potuit.

236 1741 357 1852 Qod
374 1760 508 1821 autem
528 1741 576 1820 ad
596 1741 869 1820 controversras
889 1742 929 1819 in
960 1739 1195 1819 Occidentali
1214 1740 1324 1819 india

176 1870 345 1945 exortas,
370 1881 463 1932 cum
487 1854 628 1932 tamin
649 1852 726 1961 ipsa
746 1853 971 1932 continente
991 1881 1111 1960 quarn
1133 1853 1171 1930 in
1192 1851 1325 1932 insulis

176 1962 340 2043 coloniae
370 1965 481 2044 nobis
510 1993 669 2073 quoque
695 1966 767 2043 srnt
792 1965 1045 2056 Ameriam,
1076 1963 1213 2071 easque
1236 1964 1324 2068 jure

176 2099 255 2152 non
275 2075 482 2169 deteriore,
499 2078 626 2156 immo
644 2078 806 2155 meliore
823 2077 1081 2186 poffideamus
1098 2104 1219 2184 quam
1233 2075 1325 2182 Hff·

170 2187 269 2293 parri
289 2187 445 2269 suarum
470 2188 567 2268 ullas
592 2188 809 2281 obtineant,
835 2191 996 2297 parique
1019 2189 1107 2293 jure
1134 2217 1178 2266 ea
1202 2188 1325 2266 maria

176 2299 359 2407 navigare
389 2301 501 2380 nobis
532 2301 702 2379 liberum
733 2302 792 2393 srt,
826 2303 901 2380 fine
926 2302 1005 2379 ulla
1037 2320 1167 2379 tamen
1199 2299 1323 2391 causa,

174 2411 284 2491 nulla
316 2411 467 2521 prorsus
492 2413 630 2516 injuria
653 2414 725 2492 laefi
754 2413 890 2521 (idque
915 2413 983 2490 ubi
1011 2412 1059 2490 de
1083 2412 1324 2490 commercio

175 2524 433 2603 controverfia
453 2524 559 2604 nulla
580 2524 723 2604 versata
748 2524 818 2631 est)
850 2545 981 2604 tamen
1006 2522 1197 2632 perpetuo
1216 2524 1324 2601 colo·
1442 2556 1446 2562 ·

175 2635 259 2714 nias
279 2637 425 2716 nostras
446 2634 637 2715 hostiliter
657 2636 884 2730 invaserant,
903 2635 1048 2715 nostros
1065 2635 1246 2716 homines
1262 2635 1323 2713 in-

176 2745 550 2841 terfecerunt,naves
563 2769 766 2858 ceperunt,
774 2750 876 2828 bona
888 2750 1148 2857 diripuerunt,
1163 2747 1323 2827 aedificia

174 2857 431 2968 stationesque
451 2861 659 2954 vastarunt,
681 2861 828 2941 nostros
853 2861 1060 2971 populares
1083 2861 1257 2969 captivos
1282 2860 1321 2936 in

172 2968 399 3051 servitutem
420 2973 688 3066 abduxerunt3
717 2992 833 3081 atque
858 2972 939 3052 haec
960 2970 1085 3050 facere
1107 2998 1184 3050 non
1203 2970 1319 3049 desti-

217 3242 239 3283 *
264 3239 337 3303 Hoc
349 3239 467 3305 constat
478 3264 516 3304 ex
527 3242 619 3305 literis
631 3241 820 3324 parlamenti,
831 3239 1030 3322 prolocutoris
1044 3260 1136 3302 manu
1148 3237 1321 3324 obfignatis,

173 3325 211 3388 ad
229 3325 390 3414 Hispania
403 3349 507 3413 regem
529 3330 628 3392 mense
643 3327 789 3410 Januario
809 3328 902 3408 1650,
920 3326 966 3388 his
987 3326 1105 3399 verbis;
1130 3323 1320 3410 Majcstatem

173 3426 271 3474 tamen
292 3415 418 3499 vestram
440 3438 471 3477 ro
490 3430 573 3478 atam
594 3416 723 3479 volumus
745 3412 959 3501 infistimrfiue,
990 3412 1036 3475 uti
1049 3411 1179 3496 justicie
1196 3412 1321 3496 publice

172 3500 289 3561 tandem
302 3499 440 3587 satisfiat
452 3440 543 3588 iicper
564 3504 639 3564 caede
654 3501 783 3564 Antonii
800 3501 933 3563 Ascham
953 3499 1100 3585 rcſsdentis
1123 3499 1212 3585 nostri
1223 3501 1322 3588 flagi·

173 3584 214 3646 tio
225 3609 257 3665 a,
272 3609 301 3647 eo
315 3587 409 3669 magis
423 3590 497 3672 quod
504 3589 566 3671 post
580 3588 662 3675 istius
678 3587 752 3650 modi
762 3586 911 3674 facinoris
927 3595 1057 3649 auctores
1072 3584 1320 3673 meritoficpplicio

172 3694 193 3733 a
218 3680 303 3752 ebtos,
327 3673 358 3736 in
373 3672 472 3736 aulam
486 3675 613 3759 vestram
628 3674 738 3758 regiam
753 3688 892 3736 oratorem
909 3675 1031 3759 nostrum
1051 3695 1104 3735 non
1124 3673 1320 3737 dubitabimus

172 3757 315 3841 delegare,
329 3783 363 3821 ea
377 3760 566 3859 expostturum
582 3784 646 3844 quae
660 3785 713 3823 non
732 3760 826 3823 minus
845 3759 992 3844 majestati
1008 3761 1113 3845 uestra
1123 3771 1259 3842 poterunt
1273 3759 1320 3821 in·

161 3841 292 3931 servire,
303 3868 389 3930 quam
401 3869 443 3909 reo
459 3849 561 3933 nostra
571 3847 705 3931 publica.
753 3845 804 3908 Ex
819 3845 948 3932 aduerso,
953 3845 985 3930 st
999 3868 1046 3907 oros
1052 3842 1226 3931 sanguinem
1237 3844 1318 3906 illum

171 3944 215 3992 tot
240 3930 466 4018 circumstantiis
489 3933 656 4019 irfignitum
682 3933 806 3996 inultum
822 3944 1002 4015 pateremur,
1029 3952 1122 3992 coram
1142 3926 1214 3992 Deo
1239 3931 1320 3993 unico

168 4015 325 4080 liberatore
335 4018 509 4103 perennique
520 4018 778 4108 misericordiarum
789 4019 1052 4103 nostrarumsontc,
1060 4028 1089 4076 ct
1099 4037 1192 4077 coram
1204 4017 1319 4080 natione

170 4102 353 4190 Anglicanae
386 4106 524 4191 articipes
540 4128 587 4168 nos
600 4109 671 4194 fore
685 4104 814 4168 criminis
830 4101 928 4188 neceffl
942 4104 997 4188 cst3
1022 4101 1216 4189 Praeoipuest
1228 4103 1319 4166 alium

168 4188 268 4253 adbuc
287 4119 427 4279 Angirm
442 4190 473 4254 in
488 4191 563 4254 iilud
578 4192 699 4255 velimus
720 4214 838 4275 regnum
857 4189 985 4269 mittere,
1005 4189 1055 4251 ubi
1067 4192 1126 4275 fas
1147 4191 1187 4275 est
1206 4190 1319 4275 impune

169 4275 330 4342 trucidari.
382 4277 446 4341 Nos
467 4301 535 4341 uero
557 4279 639 4341 tanti
658 4279 833 4365 aestimamus
855 4276 1032 4361 majestatem
1053 4277 1192 4359 vestram,
1209 4289 1242 4337 ut
1265 4299 1318 4339 non

155 4361 356 4450 facilestmus
370 4364 513 4428 credituri
522 4364 681 4448 potentiam
696 4366 822 4450 uestram
837 4363 947 4446 regiam
962 4363 993 4426 in
1008 4362 1164 4426 ditionibus
1183 4362 1237 4449 ipſs
1247 4360 1319 4450 sub·

157 4448 251 4532 jectis
266 4450 373 4513 aliena
386 4450 513 4535 cuipiam
525 4450 831 4539 potentiaeficbjcblam
846 4447 906 4534 effe.

231 4564 253 4643 ς
708 4565 789 4618 ΑΛ
