2956 4980
255 268 335 349 350
464 224 698 356 Scriptum
723 226 869 319 Dom.
897 224 1189 321 Protestons.

250 399 403 480 duobus
423 398 615 506 proximis
635 394 860 487 foederibus,
884 422 956 502 per
973 420 1112 474 omnes
1131 412 1250 502 atque
1272 392 1404 500 singu-

251 511 311 590 los
336 509 538 616 utriusque
565 507 724 616 imperii
759 503 855 584 fines
883 507 1172 585 commercium
1203 507 1404 596 convenit,

252 622 396 728 Qiibus
415 621 453 700 in
471 619 558 700 locis
575 637 663 699 ante
680 617 813 698 bellum
831 618 933 696 inter
953 616 1169 725 Philippum
1187 614 1404 695 secundum

255 731 451 840 Hypanim
481 757 631 838 regem,
666 748 707 809 et
735 727 1000 808 Elizabetham
1030 729 1186 834 Angliae
1224 728 1404 834 reginam

239 844 332 952 suit
350 843 598 924 commercium
614 841 738 947 juxta
756 855 793 919 et
806 836 1011 945 secundum
1030 839 1130 946 usttm
1148 855 1186 918 et
1203 837 1403 943 obstruan-

253 956 346 1035 tiam
363 954 598 1062 antiquorum
610 951 801 1062 faederum
826 967 864 1029 et
881 955 1114 1032 tradatuum
1131 967 1220 1030 ante
1239 950 1280 1028 id
1300 968 1404 1029 tem·

251 1094 326 1174 pus
345 1067 549 1145 initorum.

311 1177 411 1256 Haec
426 1175 506 1283 ipsa
524 1173 721 1254 foederum
739 1172 856 1253 verba
883 1173 994 1269 sunt;
1020 1199 1108 1279 quae
1130 1200 1216 1253 rem
1238 1171 1402 1252 dubiam

257 1288 502 1395 relinquunt,
527 1306 646 1394 atque
668 1287 723 1365 ita
747 1313 818 1365 rex
837 1283 1007 1392 Jacobus
1030 1310 1170 1391 pacem
1194 1310 1291 1363 cum
1312 1282 1403 1389 Hff-

248 1399 363 1508 panis
379 1426 542 1506 quoquo
561 1397 682 1477 modo
701 1395 894 1477 conficere
914 1396 1000 1476 satis
1019 1392 1291 1488 habuit,'ci1m
1310 1421 1401 1473 ean·

255 1510 350 1589 dem
367 1509 416 1590 de
435 1537 531 1617 pace
546 1509 817 1589 trasiationem
836 1509 1062 1600 resumeret,
1076 1535 1164 1614 quae
1178 1504 1300 1615 pauli>
1316 1503 1404 1585 ante

255 1639 428 1700 mortem
459 1619 695 1700 Elmabetlae
724 1617 905 1720 inchoata
936 1616 1076 1710 fuerat,
1106 1620 1147 1697 in
1173 1645 1254 1726 qua
1283 1619 1403 1696 etiam

256 1734 485 1813 tractatione
505 1731 581 1810 suis
601 1730 669 1808 illa
686 1731 882 1838 deputatis
906 1732 1008 1809 inter
1030 1748 1166 1808 caetera
1189 1728 1401 1808 mandave-

254 1860 328 1935 rat,
350 1861 396 1922 ut
414 1842 464 1921 de
487 1841 730 1921 commercio
754 1841 878 1921 libero
898 1842 939 1920 in
958 1839 1194 1921 Occidentali
1203 1839 1317 1921 India
1332 1838 1403 1919 ha-

257 1952 386 2032 bendo
405 1950 590 2031 instanter
609 1971 783 2059 agerent.

312 2065 464 2142 Verum
504 2089 574 2140 rex
613 2061 783 2169 Jacobus
821 2062 909 2170 (qui
947 2061 1053 2171 pacis
1089 2088 1185 2140 cum
1224 2058 1404 2169 Hstant‘s

255 2171 441 2254 facienda
455 2168 670 2252 admodum
690 2192 772 2252 erat
790 2172 974 2282 cupidus)
991 2174 1044 2252 ita
1059 2171 1172 2251 istam
1190 2171 1404 2251 clausulam

257 2284 478 2393 relinquere
496 2302 703 2363 contentus
726 2302 821 2376 erat,
848 2302 893 2363 ut
916 2284 1073 2391 utrique
1097 2284 1196 2392 parti
1221 2311 1313 2361 eam
1337 2283 1403 2361 suo

256 2397 377 2475 modo
397 2396 678 2504 interpretandi
697 2393 860 2475 facultas
880 2393 996 2488 eslet;
1027 2421 1256 2501 quanquam
1281 2394 1311 2472 si
1335 2394 1400 2473 illa

253 2506 384 2597 verba,
420 2505 505 2611 ustis
541 2522 580 2585 et
617 2505 850 2611 obstruentis
876 2504 1112 2614 antiquorum
1136 2502 1330 2612 sorderum
1366 2523 1403 2585 et

255 2620 506 2708 trislatuum,
536 2617 587 2696 fic
616 2618 871 2723 intelligenda
895 2617 983 2695 sunt
1012 2615 1075 2722 (ut
1097 2643 1166 2727 par
1188 2615 1262 2720 est)
1289 2616 1402 2720 juxta

256 2747 296 2809 et
315 2727 530 2807 secundum
549 2728 590 2805 id
608 2729 715 2834 quod
733 2728 823 2832 jure
842 2727 927 2807 fieri
952 2727 1104 2820 debuit,
1128 2753 1206 2806 non
1224 2726 1342 2831 juxta
1365 2745 1402 2806 et

256 2839 468 2919 secundum
493 2839 599 2945 quod
624 2867 674 2917 ex
698 2858 806 2947 parte
826 2837 1074 2946 Hfitanorum
1093 2839 1141 2917 ad
1169 2836 1403 2917 manifestis·

254 2952 392 3030 simam
421 2977 559 3028 eorum
587 2950 841 3028 violationem
872 2948 1021 3029 fastum
1049 2949 1119 3042 est,
1154 2976 1241 3056 quae
1260 2949 1402 3055 Anglii

255 3062 607 3170 querimoniarum,
625 3060 796 3168 utrisque
816 3060 1059 3140 diffidiorum
1079 3060 1242 3139 materia
1262 3088 1403 3169 perpe-

253 3192 320 3251 tua
339 3192 435 3265 erat,
450 3200 499 3250 ex
520 3172 608 3280 ipsrs
627 3173 877 3279 antiquorum
896 3171 1091 3251 soederum
1109 3171 1261 3251 disertis
1274 3172 1402 3251 verbis

254 3283 508 3363 clariffimum
532 3281 601 3373 est,
635 3309 705 3387 per
726 3310 887 3361 omnem
911 3283 1160 3391 Hispanorum
1190 3283 1400 3375 ditionem,

252 3420 495 3580 quaecunfflle
515 3393 582 3471 illa
601 3392 706 3484 effer,
727 3411 806 3472 tam
823 3394 1055 3473 commercii
1073 3421 1195 3500 quam
1214 3395 1323 3501 pacis
1336 3395 1400 3499 jus

254 3501 394 3607 Anglis
459 3502 538 3580 isle.
601 3552 603 3556 ι

312 3608 509 3690 Caeterirm
533 3612 561 3690 fi
585 3613 744 3719 antiqua
770 3613 916 3693 foedera
939 3631 979 3692 et
1002 3613 1200 3722 pastiones
1224 3613 1401 3694 servandi

254 3724 351 3803 ratio
371 3721 419 3801 ab
440 3748 577 3821 eorum
598 3722 801 3803 manifesta
820 3724 1031 3803 violatione
1052 3725 1218 3831 petenda
1237 3726 1309 3819 est,
1329 3724 1400 3804 ha·

251 3834 346 3914 bent
381 3833 546 3943 Hispani
571 3834 779 3913 obtentum
816 3836 990 3942 aliquem
1029 3835 1080 3914 fic
1117 3837 1401 3942 interpretandi

253 3946 363 4023 illam
385 3948 425 4022 in
447 3946 650 4054 postremis
670 3942 880 4024 foederibus
904 3946 1130 4038 clausulam,
1155 3946 1263 4052 quasi
1286 3975 1400 4026 com-

254 4056 448 4133 mercium
472 4056 550 4135 illis
574 4059 614 4134 in
641 4056 736 4135 locis
758 4058 972 4164 exciperet.
1032 4058 1087 4136 Et
1109 4076 1241 4136 tamen
1264 4059 1315 4138 ad
1339 4060 1401 4137 di·

253 4166 419 4245 midiam
452 4164 572 4272 usque
611 4167 716 4246 illius
745 4167 933 4275 temporis
964 4186 1117 4276 partem
1151 4168 1258 4275 quod
1297 4170 1400 4247 inter

251 4276 516 4385 supradictum
536 4274 663 4356 foedus
688 4302 809 4382 1542,
833 4297 873 4356 et
892 4279 1051 4358 initium
1070 4279 1165 4358 belli
1184 4277 1207 4358 ὲ
1226 4280 1401 4389 Philippo

251 4387 421 4466 secundo
438 4404 574 4467 contra
588 4387 849 4470 Elizabetham
861 4388 1025 4498 suscepti
1040 4390 1264 4486 intercessu,
1275 4419 1401 4500 quan·
