2956 4980
159 211 236 320 388
467 189 680 326 Epistola
708 190 986 288 Familiares.

156 372 349 482 pedienda
369 399 408 450 re
429 370 499 449 ista
520 368 619 449 nihil
638 368 840 478 proficere.
901 370 1026 448 Satius
1050 370 1185 476 itaque
1210 369 1309 448 duxi

158 485 206 563 ad
224 503 379 591 tempus
400 482 522 574 filere,
543 510 663 589 quam
686 481 723 559 id
744 481 850 588 quod
879 481 1088 561 molestum
1112 482 1187 560 tibi
1214 480 1310 559 scie-

158 596 252 675 bam
271 593 370 688 fore,
392 595 594 701 extemplo
614 592 792 684 scribere,
819 592 960 687 donec,
988 593 1095 699 quod
1124 591 1207 702 ipse
1229 592 1311 672 vel-

160 708 256 801 lem,
278 726 399 814 tuque
420 724 620 812 tantopere
641 705 864 812 expetebas,
885 704 1135 784 libentiffime
1161 704 1313 814 possem

161 819 348 911 scribere;
369 817 475 925 quod
493 837 532 895 et
547 815 680 909 hodie,
698 817 756 895 uti
773 815 896 924 sper0,
913 816 1085 924 perfeci;
1107 845 1204 896 nam
1220 844 1312 895 cum

161 932 202 1010 in
233 929 417 1009 Concilio
445 928 648 1007 Praefidern
678 927 726 1005 de
758 945 826 1006 tuo
853 929 1011 1035 negotio
1045 927 1165 1008 semel
1195 947 1312 1036 atque

162 1045 307 1122 iterum
327 1032 728 1132 commonefeciffem,
744 1037 874 1120 statim
889 1040 954 1119 ille
968 1042 1117 1133 retulit,
1134 1038 1312 1149 adedque

163 1152 442 1233 incrastinum
473 1151 580 1230 diem
613 1152 661 1230 de
690 1149 867 1259 responso
905 1153 1206 1260 quamprimum
1242 1153 1314 1231 tibi

162 1265 290 1344 dando
306 1263 514 1343 constituta
534 1261 763 1341 deliberatio
782 1262 852 1341 est.
884 1265 975 1343 Hac
990 1264 1038 1343 de
1056 1292 1096 1343 re
1118 1264 1313 1371 srprimus

163 1376 257 1485 ipse,
279 1375 386 1482 quod
409 1376 577 1454 conabar
600 1375 809 1453 certiorem
835 1393 871 1452 te
891 1374 1077 1468 facerem,
1098 1394 1139 1454 et
1160 1374 1235 1454 tibi
1248 1376 1314 1482 ju-

103 1509 106 1515 ·
162 1487 456 1578 cundiffimum,
484 1506 524 1564 et
548 1488 628 1564 mei
655 1488 693 1563 in
721 1503 757 1563 te
787 1485 902 1565 studii
931 1486 1123 1566 indicium
1154 1487 1330 1595 aliquod

163 1599 246 1679 fore
267 1597 554 1676 existimabam.

251 1709 567 1818 Wastmonqsteria

211 2132 272 2185 12.
306 2104 506 2211 Clariffi'mo
530 2106 617 2184 Viro
639 2108 843 2187 Leonardo
865 2106 1027 2188 Philarae
1046 2111 1278 2217 Athenierfi,

277 2219 401 2297 Ducis
423 2219 637 2296 Parmenfis
657 2217 711 2297 ad
728 2221 862 2326 Regem
884 2220 1023 2299 Galliae
1040 2222 1200 2329 Legata.

259 2381 559 2459 Enevolentiam
580 2408 672 2487 erga
697 2408 762 2458 me
791 2400 914 2474 tuam,
945 2383 1199 2462 Ornatiffime
1222 2386 1317 2465 Leo·

284 2491 400 2570 narde
429 2492 605 2584 Philara,
641 2520 713 2570 nec
748 2520 826 2570 non
857 2494 977 2572 etiam
1013 2495 1244 2603 praclarum
1270 2497 1317 2576 de

166 2602 293 2679 nostra
312 2630 384 2709 pro
398 2603 443 2680 Ρ.
459 2605 508 2684 A.
525 2601 760 2683 Defensrone
774 2603 988 2708 judicium,
1010 2634 1059 2683 ex
1076 2607 1220 2686 Literis
1243 2611 1317 2688 tuis

167 2712 214 2791 ad
232 2712 457 2791 Dominum
475 2715 684 2820 Augerium
695 2716 838 2793 Virum
857 2716 959 2823 apud
975 2744 1057 2810 nos,
1071 2718 1110 2795 in
1124 2717 1317 2799 obeundis

167 2824 215 2903 ab
230 2823 303 2902 hac
317 2824 537 2935 Republica
551 2825 846 2933 Legationibus,
860 2821 935 2906 fide
948 2830 1095 2907 eximii
1108 2829 1316 2923 illustrem,

167 2937 312 3044 partim
335 2938 380 3015 ed
400 2938 447 3016 de
468 2967 508 3016 re
529 2937 679 3046 scriptis
699 2941 890 3044 cognovi:
923 2938 1074 3018 miffam
1095 2940 1238 3020 deinde
1260 2942 1317 3021 sa-

168 3050 294 3127 lutem
312 3076 406 3126 cum
427 3049 571 3155 effigie,
593 3068 709 3156 atque
731 3048 875 3156 Elogio
900 3053 975 3128 tuis
1000 3051 1085 3129 sane
1106 3054 1318 3136 virtutibus

168 3159 417 3266 dignissim03
441 3162 590 3241 Literas
609 3160 778 3267 denique
793 3161 860 3239 abs
881 3180 918 3239 te
933 3158 1229 3244 humanissimas
1250 3195 1319 3273 per

168 3273 340 3350 eundem
360 3273 506 3380 accepi.
566 3274 698 3379 Atque
719 3298 793 3377 ego
812 3272 976 3378 quidem
999 3302 1092 3353 cum
1122 3303 1195 3355 nec
1219 3279 1318 3357 Ger-

167 3411 355 3461 manorum
375 3384 546 3490 ingenia,
568 3412 616 3463 ne
639 3382 878 3491 Cymbrorum
897 3384 1075 3492 quidem,
1096 3406 1164 3465 aut
1185 3390 1319 3469 Sueco-

168 3522 252 3571 rum
272 3493 464 3602 aspernari
484 3494 599 3591 soleo,
622 3515 706 3573 tum
726 3514 830 3573 certe
851 3514 980 3589 tuum,
1008 3499 1078 3604 qui
1098 3519 1138 3577 et
1157 3502 1320 3580 Athenis

170 3603 315 3684 Atticis
335 3623 460 3697 natus,
480 3624 533 3697 et,
555 3607 777 3684 Literarum
798 3606 931 3685 studiis
952 3611 1055 3715 apud
1076 3610 1194 3689 Italos
1213 3610 1319 3691 foeli-

167 3718 266 3795 citer
285 3717 450 3823 peradtis
470 3744 615 3822 magno
632 3746 763 3796 rerum
779 3718 847 3797 usu
863 3720 1046 3799 Honores
1062 3723 1320 3829 ampliffimos

169 3857 208 3908 es
224 3827 466 3919 consecutus,
479 3828 677 3932 judicium
694 3830 742 3909 de
763 3858 827 3909 me
843 3858 921 3909 non
937 3831 1091 3938 polium
1110 3834 1208 3939 quin
1227 3836 1320 3942 plu-

169 3942 262 4020 rimi
283 3939 438 4018 faciam.
499 3941 608 4019 Cum
634 3943 740 4021 enim
763 3939 980 4022 Alexander
999 3944 1066 4022 ille
1086 3972 1255 4052 magnus
1280 3948 1320 4025 in

171 4052 280 4132 terris
296 4052 446 4131 ultimis
461 4051 611 4132 bellurn
628 4080 780 4160 gerens,
797 4073 922 4133 tantos
939 4055 976 4132 se
990 4056 1151 4134 Militia
1166 4057 1320 4139 labores

168 4162 364 4273 pertuliffe
387 4163 541 4243 testatus
562 4165 620 4257 fit,
645 4166 704 4259 τῆς
722 4164 803 4269 παρ’
827 4163 1005 4259 Ἀθηναίων
1027 4163 1175 4267 ἐνδοξιάς
1194 4164 1318 4264 ἕνεκα;

168 4276 306 4385 quidni
319 4302 394 4381 ego
407 4274 508 4354 mihi
519 4275 705 4382 gratuler,
713 4304 855 4384 meque
866 4280 994 4355 ornari
1006 4307 1127 4386 quam
1142 4281 1321 4361 maxime

169 4407 320 4498 putem,
334 4386 414 4490 ejus
431 4389 519 4465 Viri
535 4387 728 4481 laudibus,
744 4389 783 4466 in
805 4417 885 4496 quo
899 4389 983 4494 jam
1005 4419 1084 4470 uno
1101 4391 1321 4500 priscorum
