2956 4980
165 245 179 299 1
190 244 243 326 50
562 203 689 298 Artis
716 203 900 332 Logicae
1103 200 1214 297 Lib.
1238 240 1280 295 2.

64 412 67 418 ¹
158 377 404 459 conclusrone
425 374 632 457 rectissime
651 376 848 456 concludi.
883 375 1006 490 Qud
1026 376 1054 455 fi
1073 403 1198 483 genus
1215 375 1317 454 illud

159 489 377 597 subjedtum
389 489 470 568 scil.
489 489 761 598 propofitionis
778 490 947 569 termino
959 487 1115 568 infinito
1130 505 1318 596 negante,

160 602 225 682 seu
239 601 369 712 topice
385 603 686 681 contradictorio
702 603 953 710 exprimitur,
966 629 1045 681 non
1063 619 1204 708 negata
1219 626 1319 679 con-

161 714 274 795 tinuo
294 715 482 793 censenda
500 716 574 794 erit
589 713 812 823 assumptio,
825 715 1004 823 quamvis
1025 712 1098 793 effe
1111 714 1317 804 videatur;

161 826 317 906 asl'umit
330 854 369 905 n.
380 826 655 906 tantummodo
668 854 790 933 genus
803 853 852 904 ex
866 826 1130 936 propositione
1143 826 1318 906 termino

161 938 230 1019 illo
263 936 391 1047 topice
423 940 613 1019 duntaxat
639 936 938 1018 contradictorio
970 937 1207 1047 expressum,
1237 933 1320 1044 ipsa

162 1048 262 1130 nihil
282 1049 518 1130 axiomatice
538 1070 679 1156 negat:
712 1070 769 1144 ut,
790 1050 949 1160 quppuis
967 1080 1036 1130 non
1055 1049 1189 1143 credit,
1208 1046 1318 1128 dam-

161 1181 305 1242 natur:
325 1163 460 1274 aliquis
471 1161 636 1269 Judaeus
651 1192 719 1242 non
735 1162 879 1255 credin
899 1192 986 1271 ergo
1004 1159 1320 1273 aliquisJudaeus

161 1274 377 1355 damnatur.
439 1276 521 1355 ch
552 1274 827 1385 proposrtionis
858 1273 1075 1381 subjectum
1107 1274 1164 1354 est
1189 1300 1319 1382 genus

161 1387 322 1497 quisqais
339 1416 409 1467 non
429 1385 561 1482 credit,
587 1388 614 1467 i.
637 1416 669 1466 e.
695 1388 824 1466 omnis
847 1413 927 1467 non
950 1386 1109 1466 credens
1130 1386 1205 1466 five
1224 1383 1320 1464 insi-

163 1499 285 1581 delis:
308 1499 475 1607 Judaeus
488 1498 543 1578 est
562 1528 613 1580 ex
632 1527 799 1579 numero
811 1499 887 1580 sive
907 1497 1034 1610 specie
1054 1525 1133 1577 non
1152 1498 1320 1578 creden-

163 1614 282 1706 tium,
296 1613 335 1692 id
357 1611 463 1719 quod
484 1611 692 1722 assumptio
707 1639 788 1691 non
799 1628 932 1719 negat,
947 1611 1011 1691 sed
1027 1611 1197 1691 affirmat
1207 1607 1320 1720 aeque

163 1725 235 1805 acsr
257 1725 306 1804 src
325 1725 486 1818 diceret,
506 1724 642 1835 aliquis
660 1723 826 1834 Judaeus
843 1723 892 1831 est
910 1753 979 1805 non
999 1723 1160 1804 credens.

220 1839 284 1915 Ex
304 1834 378 1915 hac
398 1855 531 1916 autem
550 1837 809 1921 affirmatione
827 1835 1014 1945 sequitur,
1027 1837 1185 1916 nullum
1199 1860 1320 1942 argu-

163 1967 345 2031 mentum
370 1948 418 2028 ab
438 1951 689 2032 antecedente
709 1948 929 2057 quaeslionis
954 1948 1256 2039 dissentaneum,
1278 1947 1321 2025 in

163 2058 237 2139 hac
256 2059 420 2140 secunda
443 2060 569 2169 specie
597 2061 732 2141 locum
760 2060 918 2142 habere.
976 2062 1042 2141 De
1061 2080 1214 2153 caetero‚
1236 2057 1322 2138 haec

162 2170 308 2280 species
320 2200 447 2282 neque
461 2174 509 2253 ad
525 2175 776 2282 particulares
790 2174 1032 2283 quaestiones,
1045 2193 1090 2255 ut
1105 2175 1321 2264 contracta,

164 2311 292 2391 neque
310 2284 359 2364 ad
377 2306 550 2393 negataS,
573 2306 616 2367 ut
636 2288 743 2396 prior
770 2285 913 2396 species
939 2287 1141 2397 explicati,
1163 2283 1323 2366 restrin-

163 2397 293 2504 gitur;
316 2397 379 2477 sed
399 2401 447 2478 ad
467 2400 601 2480 omnia
615 2400 874 2508 quaestionum
893 2425 1035 2507 genera
1050 2395 1325 2480 concludenda

166 2508 270 2588 recti:
290 2509 512 2591 adhibetur.

224 2620 387 2702 Restant
401 2621 514 2728 hujus
530 2621 672 2730 speciei
687 2622 821 2717 modi;
844 2622 914 2729 qui
931 2650 1155 2733 quanquam
1172 2621 1325 2732 partim

164 2732 349 2812 affirmati
375 2733 461 2812 sunt
485 2737 630 2843 partim
654 2735 800 2841 negati,
821 2735 953 2844 plures
979 2754 1112 2815 tamen
1132 2762 1212 2816 non
1231 2733 1326 2813 sunt

163 2842 286 2952 quam
305 2846 346 2926 in
365 2846 484 2926 altera
503 2846 644 2955 specie,
659 2847 728 2925 ubi
743 2875 879 2928 omnes
898 2868 1007 2927 erant
1022 2845 1150 2929 solum
1170 2849 1321 2953 negati.

164 2957 414 3065 AEqualitatis
434 2961 532 3041 ratio
553 2960 609 3039 est
627 2958 735 3066 qudd
754 2958 1025 3069 assumptionis
1040 2961 1266 3052 affirmatio,
1284 2976 1326 3038 et

164 3069 279 3151 solius
296 3071 386 3151 inde
401 3071 673 3179 proposrtionis
688 3074 845 3180 negatio
859 3090 1094 3180 negatorum
1106 3100 1325 3152 numerum

166 3183 325 3262 minuit.
385 3182 505 3263 Modi
525 3186 647 3291 igitur
666 3182 782 3289 hujus
802 3183 945 3293 speciei
965 3185 1032 3265 sex
1051 3186 1192 3265 itidem
1207 3186 1322 3278 sunt;

166 3315 241 3373 tres
261 3295 457 3389 affirmati,
481 3312 557 3376 tres
577 3298 674 3376 item
694 3299 850 3403 negati;
882 3299 1038 3406 utrique
1058 3296 1213 3378 rursum
1232 3295 1325 3375 sunt

164 3407 378 3512 generales,
396 3406 579 3516 speciales
599 3428 638 3488 et
658 3410 822 3518 proprii.

224 3520 379 3600 Primus
395 3520 451 3598 est
466 3520 678 3600 affirmatus
694 3519 908 3628 generalis:
937 3539 995 3617 ut,
1009 3551 1107 3602 omne
1114 3519 1260 3630 justum
1276 3519 1326 3627 est

165 3630 282 3711 utile:
313 3662 411 3713 omne
430 3633 608 3742 honestum
627 3633 675 3741 est
688 3632 858 3741 justums
887 3663 986 3713 omne
1004 3634 1125 3740 igitur
1142 3633 1326 3742 honestum

166 3744 335 3849 estutile.
396 3747 516 3854 Qud
541 3746 621 3826 Cic.
646 3771 684 3824 2.
711 3745 789 3854 Off.
818 3747 872 3824 ita
892 3747 1116 3827 concludit:
1148 3745 1332 3856 quicquid

154 3855 297 3963 justum
296 3859 369 3963 stt,
384 3857 425 3938 id
436 3858 545 3938 etiam
559 3857 650 3937 utile
661 3858 725 3967 ff
737 3857 900 3966 cerfint:
921 3859 1007 3938 item
1017 3858 1115 3988 quod
1124 3857 1325 3966 honssum,

165 3966 256 4046 idem
264 3968 434 4075 justum:
465 4000 511 4050 ex
529 4000 597 4079 quo
616 3969 789 4077 efficitur,
810 3987 854 4050 ut
874 3971 1050 4081 quicquid
1062 3971 1326 4081 honestumſst‚

166 4079 257 4160 idem
270 4081 330 4186 stt
355 4081 457 4166 utile.
520 4082 797 4191 Propofitionis
829 4082 1148 4193 prosyllogismos
1171 4085 1327 4164 atesti-

166 4194 303 4272 monio
343 4193 566 4274 Stoicorum
605 4197 737 4303 primo
776 4196 816 4275 in
849 4195 938 4277 loco
971 4198 1147 4306 ponitur,
1178 4196 1326 4280 deinde

165 4334 302 4386 omnes
335 4324 462 4415 partes
490 4307 703 4414 syllogismi
733 4309 870 4388 ordine
903 4308 1130 4416 sequuntur.
1192 4311 1326 4390 Partes

165 4416 281 4526 hujus
308 4417 523 4526 syllogismi
550 4419 637 4499 sunt
663 4422 861 4501 axiomata
888 4422 1016 4503 relatae
1041 4421 1209 4504 essentia
1239 4450 1330 4534 quae

166 4531 405 4640 simplicium
425 4531 671 4613 axiomatum
691 4533 774 4613 vim
794 4533 955 4614 habent.
