2956 4980
161 281 242 363 314
379 243 543 337 Literae
569 237 762 338 Oliverii
786 240 1080 337 Protebioris.

158 445 301 544 nempe
317 417 541 522 rogavimus
560 415 813 520 Ceffitudinem
825 417 1008 511 vestram,
1021 416 1180 522 juberet
1194 414 1299 494 illum

158 530 265 608 navis
279 526 461 608 Lodovicr
469 547 590 636 parvi
587 527 833 636 praefestum
849 529 1069 610 Gulielmum
1087 529 1215 607 Ellam
1217 528 1303 633 ,qui

159 640 280 718 fidem
313 636 449 719 Turris
482 643 613 718 datam
645 639 863 750 turpissimb
894 640 1078 747 fregerat,
1110 658 1151 719 et
1182 638 1302 747 ipsum

159 749 457 880 comprehendi,
477 770 517 829 et
542 779 683 830 navem
707 779 800 831 cum
825 753 1057 832 mercibus
1046 778 1087 829 in
1113 769 1232 857 portu
1250 778 1304 829 re·

160 863 290 955 tineri,
317 863 447 969 quoad
480 864 687 942 Turcarum
710 892 796 971 quae
823 865 942 944 essent
973 863 1242 956 redderentur,
1261 889 1304 939 ne

160 1001 305 1053 nomen
332 973 581 1081 Cbrssianum
609 1003 679 1082 per
703 974 919 1056 istiusmodi
945 974 1050 1054 furta
1082 973 1216 1052 labem
1238 973 1304 1051 ali-

158 1112 281 1193 quam
296 1083 516 1192 susciperet,
534 1114 579 1164 ea
596 1087 744 1179 omnia,
761 1105 801 1166 et
815 1086 970 1166 summo
986 1085 1153 1193 quidem
1170 1084 1306 1176 studio,

159 1197 267 1305 quod
298 1194 386 1275 satis
417 1197 691 1326 intelligimus,
720 1196 868 1307 scripsit
899 1194 1079 1308 Ceſstudo
1109 1199 1164 1276 V
1144 1197 1241 1304 stra
1273 1195 1306 1273 se

160 1307 383 1417 praestitilse.
444 1309 568 1389 Nos
557 1328 689 1417 itaque
711 1336 807 1388 cum
833 1338 904 1419 pro
928 1326 1090 1417 accepto
1116 1307 1305 1387 beneficio

160 1420 302 1527 gratias
321 1420 491 1527 agimus,
512 1439 600 1500 tum
618 1419 695 1501 hoc
715 1421 832 1528 porrb
852 1449 956 1502 nunc
976 1421 1167 1529 petimus,
1187 1446 1307 1527 quan·

162 1532 377 1640 doquidem
397 1529 668 1611 satisfactum
657 1561 706 1611 iri
695 1533 857 1613 Turris
869 1532 1144 1613 Mercatores
1132 1559 1175 1609 in
1191 1531 1228 1608 se
1249 1558 1304 1608 re-

161 1662 365 1752 ceperunt,
387 1662 431 1722 ut
457 1662 496 1722 et
525 1643 732 1724 Praefestus
758 1644 825 1724 ille
849 1644 1024 1724 custodia
1046 1642 1252 1735 liberetur,
1273 1659 1309 1719 et

161 1757 268 1835 navis
299 1782 393 1833 cum
429 1755 624 1835 mercibus
650 1758 949 1864 quamprimum
983 1755 1231 1847 dimittatur,
1263 1780 1308 1829 ne

161 1866 385 1945 Turcarum
401 1863 500 1944 forte
515 1867 705 1945 rationem
727 1869 938 1976 potiorem,
951 1894 1073 1974 quam
1089 1865 1309 1944 nostrorum

162 1977 310 2055 civium
331 1975 504 2055 habuisse
520 1977 738 2057 videamur
799 1980 964 2058 Interim
981 1975 1215 2083 Ceſstudinis
1228 1973 1308 2081 ves-

161 2105 237 2167 trae
269 2087 435 2195 spestata
466 2088 666 2169 voluntate
699 2116 791 2196 erga
822 2118 893 2169 nos
924 2089 1122 2196 singulari,
1155 2109 1197 2167 et
1227 2085 1311 2166 sani

161 2199 374 2308 gratiffima
393 2199 444 2278 fic
472 2199 639 2280 libenter
659 2200 845 2296 fruimur,
867 2221 910 2281 ut
928 2200 1222 2307 ingratitudinis
1243 2227 1313 2277 no-

162 2330 245 2391 tam
271 2340 350 2390 non
381 2310 617 2403 recusemus,
646 2313 728 2391 nifi
748 2315 830 2421 pari
862 2312 1176 2422 promptitudine
1203 2310 1312 2389 vobis

164 2423 331 2503 vicissim
357 2423 599 2529 gratificandi
624 2425 866 2504 occasionem
885 2450 1005 2532 quam
1032 2424 1213 2532 primum
1233 2420 1314 2499 dari

162 2535 274 2614 nobis
294 2554 542 2642 exoptamus,
563 2563 612 2614 ex
628 2564 706 2642 qua
725 2536 895 2615 nostram
911 2563 1070 2644 quoque
1087 2535 1128 2613 in
1144 2533 1314 2613 redden-

163 2645 222 2724 dis
250 2645 389 2724 officiis
421 2647 778 2755 promptitudinem
802 2649 925 2726 animi
958 2646 1070 2725 rebus
1099 2644 1189 2754 ipsis
1222 2673 1315 2752 erga

162 2785 231 2836 vos
251 2756 512 2837 demonstrare
533 2759 732 2867 poffimus.

250 2871 306 2948 W
300 2869 555 2978 estmonasterio
574 2900 619 2949 ex
639 2870 748 2949 Aula
766 2868 889 2980 nostrii

352 2980 525 3060 Decemb.
543 3010 605 3061 an.
632 2983 752 3087 1657.

520 3092 770 3174 Celsitudinis
787 3090 918 3170 vestrae
939 3089 1260 3184 Studiosissimus,

791 3201 996 3293 Olrberius,
1016 3203 1091 3280 &o

167 3474 366 3553 Oliverius
392 3476 590 3555 Proteblor
616 3473 774 3583 Reipub
795 3471 966 3579 Angliae,
987 3471 1065 3550 &c
1094 3473 1230 3551 Sereni
1265 3504 1318 3553 mo

220 3613 265 3663 ac
283 3603 426 3692 potent
413 3586 517 3690 ffimo
538 3586 715 3695 Principi
732 3585 875 3663 Carolo
896 3584 1070 3663 Gustavo
1100 3585 1318 3678 Suecorum,

223 3697 438 3790 Gothorum,
462 3698 779 3806 Vandalorumque
799 3694 910 3802 Regi.

165 3860 408 3938 Sereniffime
429 3860 772 3967 potentissimeque
792 3860 899 3951 Rex,
920 3858 1064 3936 Amice

333 4000 377 4050 ac
400 3971 601 4050 Foederate
622 3971 884 4063 invictissime,

295 4095 392 4174 Ulta
409 4095 522 4173 fimul
543 4095 707 4174 attulere
725 4095 838 4173 nobis
857 4095 976 4173 literae
996 4092 1217 4200 Majestatis
1233 4094 1319 4176 ves-

323 4224 387 4285 trae
409 4231 454 4285 21
484 4206 573 4285 Feb.
596 4209 636 4284 in
658 4207 800 4315 Castris
820 4204 1023 4285 Selandicis
1040 4206 1152 4299 datae,
1173 4233 1260 4299 cur,
1280 4225 1320 4286 et

165 4317 351 4423 privatim
371 4318 512 4411 nostrai,
533 4338 573 4398 et
601 4320 719 4398 totius
747 4318 922 4426 Reipub.
946 4317 1168 4427 Cbrssianae
1187 4317 1318 4411 causi,

166 4430 297 4509 laetitia
332 4428 438 4509 haud
471 4430 660 4509 mediocri
689 4431 957 4512 afficeremur:
998 4432 1175 4538 primum
1207 4429 1316 4538 quod
