2956 4980
271 225 353 326 406
583 205 799 341 Epistolae
823 204 1103 303 Familiares.

406 680 473 763 27.
508 657 740 764 Ornatffmo
762 656 851 737 Viro
872 656 990 736 Petro
1009 651 1298 735 Heimbachio.

372 827 493 907 Iteras
513 845 598 907 tuas
617 826 739 933 Hagd
760 826 931 906 Comitis
950 825 1029 905 dat.
1057 824 1120 906 18.
1141 825 1241 906 Dec.
1267 825 1423 933 accepi:

398 939 447 1018 ad
470 967 580 1046 quas,
604 941 795 1046 quoniam
824 938 864 1017 id
893 939 969 1018 tuis
998 937 1212 1017 rationibus
1242 937 1426 1046 expedire

274 1049 405 1144 video,
422 1051 564 1130 eodem
583 1051 662 1145 die,
688 1079 769 1158 quo
789 1049 891 1130 mihi
911 1050 997 1129 sunt
1017 1049 1189 1142 redditae,
1214 1048 1425 1128 rescriben-

275 1160 373 1239 dum
403 1163 553 1271 putavi.
614 1163 663 1240 In
688 1164 736 1244 iis
759 1163 846 1271 post
874 1163 1016 1269 gratias
1044 1165 1146 1240 aetas
1165 1159 1218 1240 ob
1237 1159 1427 1240 beneficia

277 1270 405 1353 nescio
424 1302 511 1382 quae
526 1303 629 1370 mea,
644 1303 731 1383 quae
749 1275 894 1354 vellem
908 1272 994 1352 sane
1010 1300 1089 1353 non
1108 1272 1228 1352 essent
1248 1272 1374 1364 nulla,
1386 1291 1427 1350 ut

276 1385 346 1491 qui
366 1403 432 1465 tua
451 1385 563 1466 causa
578 1388 733 1495 quidvis
749 1388 922 1495 cupiam,
935 1385 1035 1494 petis
1050 1404 1094 1465 ut
1106 1405 1144 1465 te
1157 1413 1229 1494 per
1240 1385 1302 1464 D.
1317 1386 1425 1464 Lau·

277 1496 437 1577 rentium
452 1499 611 1578 Oratori
631 1498 760 1578 nostro
779 1499 821 1578 in
842 1495 1079 1579 Hollandiam
1099 1497 1299 1603 designato
1317 1522 1427 1575 com-

278 1609 532 1690 mendarem:
563 1611 671 1718 quod
700 1611 864 1718 quidem
893 1609 1008 1688 doleo
1037 1610 1079 1687 in
1108 1636 1173 1687 me
1203 1609 1323 1687 situm
1352 1635 1428 1684 non

279 1719 372 1814 effe3
389 1748 485 1800 cum
494 1742 654 1832 propter
665 1722 909 1832 pauciffrmas
919 1718 1201 1800 familiaritates
1215 1746 1325 1798 meas
1336 1746 1429 1797 cum

279 1832 467 1938 gratiofis,
488 1835 558 1941 qui
577 1835 687 1914 domi
708 1833 804 1927 fere,
818 1835 937 1941 idque
957 1832 1123 1912 libenter
1138 1861 1203 1911 me
1220 1832 1426 1921 contineo;

278 1961 366 2021 turn
380 1943 488 2051 quod
504 1945 536 2024 is
552 1945 683 2037 credo,
701 1945 722 2025 ὲ
738 1966 855 2055 portu
864 1945 949 2050 jam
963 1943 1089 2038 solvit,
1103 1945 1269 2051 jamque
1284 1943 1429 2022 adven·

278 2071 348 2148 tat,
370 2053 579 2164 secumque
600 2054 719 2137 habet
738 2060 778 2137 in
805 2058 995 2138 comitatu
1019 2085 1140 2166 quem
1164 2055 1234 2136 s1bi
1259 2056 1309 2134 ab
1329 2053 1428 2161 epis-

278 2166 368 2245 tolis
399 2167 485 2246 vult
516 2168 606 2263 esse,
639 2169 745 2277 quod
781 2187 824 2249 tu
859 2195 1003 2247 munus
1037 2168 1141 2278 apud
1178 2195 1273 2247 eum
1314 2169 1428 2275 petis.

278 2279 432 2358 Verum
452 2280 493 2359 in
512 2279 595 2391 ipso
614 2279 773 2361 discessu
787 2282 871 2387 jam
892 2279 1138 2360 Tabellarius
1156 2280 1226 2358 est.
1287 2278 1402 2357 Vale.

367 2391 906 2502 Westmonasteri0,1)ecemb.
932 2390 995 2472 18.
1022 2394 1141 2501 1657.

413 2789 479 2870 28.
511 2788 660 2897 Joanni
674 2791 826 2872 Badiaeo
848 2792 995 2872 Pastori
1016 2789 1301 2870 Arausronenfi.

380 2962 475 3041 Uod
496 2963 641 3043 tardius
661 2964 709 3043 ad
730 2984 767 3044 te
788 2964 970 3058 rescribo,
987 2964 1063 3041 Vir
1081 2961 1286 3042 clarissime
1308 2980 1347 3040 et
1368 2989 1431 3040 re·

408 3075 590 3170 verende,
618 3104 695 3156 non
721 3077 924 3171 recusabit,
952 3075 1069 3156 credo
1095 3074 1223 3153 noster
1241 3075 1430 3166 Duraeus,

278 3212 360 3291 quo
380 3187 510 3266 minus
530 3188 708 3268 tardioris
728 3190 887 3298 culpam
907 3187 1167 3297 rescriptionis
1182 3182 1204 3263 ai
1219 3212 1285 3262 me
1307 3186 1349 3262 in
1368 3187 1432 3293 ip·

278 3294 365 3376 sum
384 3298 626 3379 transferam.
687 3301 823 3381 Postea
837 3303 946 3380 enim
966 3328 1086 3408 quam
1102 3296 1293 3379 schedulae
1310 3297 1431 3389 illius,

273 3435 401 3514 ‘quam
425 3409 527 3488 mihi
552 3414 753 3492 recitatam
776 3414 948 3507 volebas,
974 3412 1023 3491 de
1049 3412 1096 3491 iis
1114 3439 1201 3520 quae
1221 3409 1433 3516 Evangelii

279 3520 393 3599 causzl
413 3521 547 3626 egisses
567 3542 684 3629 atque
705 3526 899 3633 perpessus
919 3524 1011 3604 esses
1030 3524 1188 3631 copiam
1208 3518 1313 3599 mihi
1336 3521 1433 3600 fecit

279 3656 358 3708 non
377 3631 509 3711 distuli
524 3659 657 3738 parare
674 3631 742 3714 has
759 3637 806 3713 ad
823 3657 860 3715 te
875 3638 1005 3716 literas
1020 3654 1065 3715 ut
1078 3636 1116 3714 ei
1131 3637 1267 3713 darem
1279 3633 1431 3712 Tabel-

279 3741 391 3838 lari0,
411 3745 482 3851 qui
501 3745 652 3851 primus
667 3745 896 3843 disceffisset,
917 3748 1102 3829 sollicitus
1125 3774 1246 3854 quam
1274 3745 1316 3823 in
1338 3774 1430 3852 par-

279 3874 361 3933 tem
382 3857 578 3936 srlentium
605 3886 742 3939 meum
763 3878 844 3940 tam
862 3861 1096 3940 diuturnum
1115 3860 1429 3966 interpretarere.

279 3967 506 4047 Maximam
519 3970 678 4049 interim
696 3971 823 4053 habeo
836 3974 1002 4080 gratiam
1015 3971 1192 4052 Molinaeo
1203 3968 1332 4049 vestro
1346 3972 1429 4048 Ne-

279 4078 466 4185 mausenſs,
493 4082 563 4187 qui
590 4080 668 4161 suis
697 4085 745 4163 de
772 4113 837 4164 me
864 4084 1104 4164 sermonibus
1126 4100 1166 4162 et
1196 4081 1431 4161 amiciffima

280 4191 567 4299 pradicatione,
589 4211 647 4273 tot
670 4224 741 4303 per
764 4224 809 4274 ea
832 4195 918 4275 loca
940 4195 1136 4275 bonorum
1156 4195 1333 4273 virorum
1362 4220 1428 4271 me

278 4305 317 4381 in
350 4305 516 4410 gratiam
545 4305 720 4386 immisit.
782 4311 834 4387 Et
858 4306 944 4386 sane
969 4335 1197 4414 quanquam
1229 4333 1308 4385 non
1342 4304 1430 4383 sum

279 4415 440 4510 nescius,
456 4445 519 4496 me
533 4416 594 4495 vel
607 4447 655 4496 eo
669 4420 776 4528 quod
796 4447 889 4498 cum
909 4419 1122 4499 adversario
1140 4419 1237 4498 tanti
1255 4419 1429 4497 nominis
