2956 4980
178 236 255 346 158
578 224 706 318 Artis
733 224 917 354 Logicae
1111 222 1283 321 Lide.

167 424 246 477 non
267 415 399 477 tamen
419 395 601 527 sequatur
619 398 787 477 alterum
806 427 904 509 pom
892 396 987 479 'vel
1005 401 1229 494 removeri3
1256 420 1317 480 aut

166 512 249 590 vim
268 507 389 590 habet
406 510 590 590 connexi.

225 621 457 731 Syllogsmus
486 624 612 734 itaque
634 623 844 731 composttus
865 621 914 732 est
938 651 1120 703 connexus
1150 642 1223 704 aut
1249 623 1277 704 d
1272 623 1315 730 s

174 732 328 814 unitus

154 764 179 840 J
225 847 294 957 Syl
290 847 362 953 log
349 842 457 952 smus
471 876 652 927 connexus
665 846 713 953 est
718 845 856 954 syllog
842 845 949 953 smus
963 846 1174 954 compoſstus
1184 863 1317 954 propo·

150 958 301 1064 fitionis
332 988 516 1039 connexae.
574 958 667 1052 Vel,
691 959 802 1065 cujus
829 958 1043 1068 propositio
1073 958 1132 1038 est
1161 960 1315 1037 axioma

166 1097 405 1151 connexum.

223 1178 334 1262 Cum
358 1201 490 1262 autem
521 1180 713 1260 axiomati
737 1208 918 1262 connexo
943 1181 1059 1260 affine
1081 1181 1129 1260 fit
1151 1179 1316 1260 relatum

166 1295 370 1403 temporis,
402 1312 448 1373 ut
477 1292 626 1372 ibidem
660 1293 918 1387 ostendimus,
952 1295 1072 1372 etiam
1104 1293 1319 1401 syllogismi

165 1408 334 1487 connexi
349 1406 561 1516 propofitio
581 1407 727 1514 poterit
745 1406 865 1486 relata
884 1405 958 1485 effe
978 1407 1196 1513 temporis:
1231 1433 1318 1484 nam

168 1520 410 1627 quantitatis,
440 1517 653 1627 qualitatis,
690 1518 768 1597 loci
795 1517 1078 1627 propofitiones
1112 1517 1243 1597 relatae
1280 1518 1320 1598 in

166 1631 408 1739 simplicibus
437 1628 669 1739 syllogismis
695 1631 832 1710 locum
861 1628 1033 1724 habent;
1063 1631 1159 1739 quia
1193 1632 1237 1709 in
1273 1631 1321 1711 iis

166 1742 495 1852 propofitionibus
515 1741 734 1849 quaestionis
754 1742 943 1822 duntaxat
962 1741 1206 1851 consequens
1225 1769 1322 1822 cum

166 1874 401 1961 argumento
439 1853 671 1963 disponitur.
735 1855 926 1934 Relatum
966 1854 1138 1963 denique
1182 1854 1321 1934 conse·

166 1966 349 2075 quentia,
378 1968 428 2047 de
456 1995 537 2075 quo
566 1965 680 2076 supra
708 1994 796 2076 cap.
818 1968 857 2048 6.
882 1965 1127 2076 syllogismus
1156 1966 1326 2048 idoneus

164 2078 332 2157 nonest.

220 2189 451 2299 Syllogffmus
469 2218 650 2271 connexus
667 2190 716 2298 est
734 2189 890 2271 duorum
906 2188 1103 2270 modorum.

222 2304 377 2384 Primus
393 2300 516 2384 modus
528 2300 734 2411 syllogffini
749 2304 903 2383 connexi
916 2303 980 2411 est,
1000 2303 1067 2413 qui
1081 2303 1233 2412 affiemit
1249 2332 1326 2384 an-

166 2413 330 2496 tecedens
347 2432 385 2495 et
403 2413 613 2524 corfiquens
631 2413 827 2495 concludit.

223 2532 319 2654 Q
339 2528 459 2607 modo
481 2527 610 2606 Cicero
623 2525 776 2632 judicat
794 2545 834 2606 et
852 2526 1054 2606 concludit
1072 2525 1100 2604 l.
1124 2550 1162 2606 2.
1184 2527 1237 2606 de
1257 2528 1326 2606 di-

165 2639 387 2718 vinatione:
403 2636 518 2743 fidii
529 2638 641 2744 stent,
668 2639 950 2746 divinatioest:
966 2640 1064 2746 fient
1088 2656 1215 2719 autem
1241 2640 1326 2732 dii,·

163 2749 345 2831 divinatio
363 2750 446 2857 cst
428 2749 561 2858 egitur.

221 2861 347 2942 Aliud
362 2890 412 2942 ex
435 2890 471 2970 3.
492 2861 598 2969 Offic
657 2864 786 2971 Atque
790 2863 835 2968 ſs
846 2863 957 2943 etiam
974 2864 1039 2942 hoc
1052 2824 1198 2942 natura
1209 2879 1326 2972 prce-

149 2974 305 3080 scribit,
334 2993 378 3057 ut
407 2973 676 3068 bonohomini,
704 2973 1061 3085 quicunqueſst,ob
1091 3002 1170 3054 eom
1204 2976 1325 3084 ipsam

162 3087 321 3194 causam,
342 3116 390 3198 qu
391 3085 484 3167 odis
501 3086 601 3167 homo
606 3085 678 3191 fit,
698 3087 898 3195 consultum
917 3115 965 3168 ve
965 3087 1025 3181 lit,
1044 3085 1174 3197 neceffle
1191 3086 1324 3196 estse-

163 3198 320 3280 cundum
339 3198 484 3280 eandem
506 3217 709 3292 naturam
739 3201 894 3281 omnium
919 3199 1120 3280 utilitatem
1138 3198 1206 3310 effe
1223 3228 1325 3281 22222-

162 3341 317 3392 munem.
347 3311 501 3419 Quodsi
517 3311 573 3390 ita
591 3310 654 3419 eli,
670 3341 746 3392 una
760 3313 987 3393 continemur
1004 3341 1121 3392 omnes
1139 3325 1176 3391 'et
1193 3311 1324 3394 eadem

163 3425 241 3530 lege
258 3440 423 3504 noturae.
475 3422 591 3533 quue
607 3421 772 3532 ipstomſs
787 3424 844 3505 ita
862 3426 925 3534 est,
941 3425 1041 3506 certi
1059 3423 1203 3505 violare
1221 3425 1321 3505 alte·

162 3564 246 3615 rum
265 3536 343 3642 lege
360 3554 512 3616 noturae
523 3535 774 3644 prohibemur
826 3538 963 3617 Verum
981 3555 1105 3619 autem
1116 3535 1317 3646 primum3

162 3677 293 3729 verum
313 3647 433 3755 igitur
451 3664 488 3727 et
506 3664 721 3728 extremum.

220 3759 436 3867 Propofitio
456 3757 571 3865 hujus
591 3758 804 3869 syllogismi
831 3759 886 3839 est
910 3758 1043 3840 sorites
1065 3760 1234 3867 (dequo
1255 3761 1318 3839 in-

163 3869 238 3977 fel)
261 3873 382 3953 trium
402 3871 613 3978 graduum,
619 3873 664 3978 ſs
678 3874 743 3953 hoc
762 3889 905 3952 natura
917 3871 1148 3982 praescribit,
1162 3890 1222 3967 ut,
1235 3873 1318 3954 &a

219 3985 450 4094 Frequenter
467 3985 528 4065 hic
546 4014 615 4065 non
634 3983 830 4095 affiemitur
848 3983 1020 4091 idemsed
1032 3984 1168 4091 majus.

219 4097 281 4175 Ut
304 4122 319 4175 1
348 4095 465 4175 Catil.
498 4095 544 4175 Si
559 4115 596 4176 te
608 4113 786 4206 parentes
798 4095 855 4176 od
842 4096 958 4205 fflnt
968 4096 1007 4178 d
993 4096 1183 4203 scederes
1216 4122 1319 4178 nunc

153 4226 290 4320 patria
300 4224 338 4286 te
348 4206 455 4313 odet(
456 4237 540 4316 quae
550 4208 969 4316 communisestomntum
980 4210 1138 4318 nostrum
1143 4227 1288 4317 parens
1286 4207 1315 4318 )

159 4322 272 4402 multo
290 4319 408 4428 magis
426 4348 512 4426 ergo
530 4319 696 4429 dffcedes.
743 4321 818 4401 Sed
836 4320 956 4427 majus
973 4322 1071 4402 illud
1083 4321 1200 4402 facile
1219 4348 1316 4401 eon-

161 4434 277 4514 tineri
297 4432 337 4511 in
358 4432 619 4542 propositione
646 4435 791 4543 poterit
818 4431 894 4514 hoc
922 4436 1067 4531 mod03
1099 4436 1127 4515 fi
1153 4453 1317 4544 propter
