2956 4980
393 217 608 353 Epistolae
636 217 916 318 Familiares.
1154 260 1236 344 407

81 389 242 498 publice
255 391 378 496 jussus
397 411 595 473 certarnen
615 420 694 474 non
708 395 1019 489 detrestaverim,
1036 396 1097 476 vel
1114 424 1235 506 prop-

83 522 144 580 ter
158 506 381 611 argumenti
395 505 679 600 celebritatem,
695 507 756 585 vel
771 506 940 616 denique
954 507 1145 587 scribendi
1164 536 1234 615 ge-

83 640 157 694 nus
176 614 294 723 longe
308 615 463 726 latdque
478 616 564 697 satis
576 619 805 712 innotuisse;
828 619 878 698 sic
891 639 1022 699 tamen
1034 621 1233 715 existimo,

83 753 149 805 me
165 729 396 809 tantundem
416 729 606 809 duntaxat
625 727 768 809 habere
795 729 921 825 famae,
945 751 1139 839 quantum
1160 732 1232 812 ha·

81 837 158 917 beo
178 839 287 920 bonae
305 842 603 921 existimationis
628 842 733 950 apud
753 842 889 921 bonos.
949 845 1081 951 Atque
1104 846 1145 923 in
1166 872 1231 923 ea·

82 949 175 1029 dem
209 972 248 1032 te
287 980 446 1062 quoque
483 953 557 1032 esse
589 953 791 1048 sententia,
830 955 945 1064 plane
983 954 1121 1050 video;
1161 959 1231 1063 qui

83 1062 268 1144 Veritatis
285 1065 512 1144 Christianae
532 1066 658 1144 studio
674 1085 790 1174 atque
810 1094 944 1146 amore
964 1067 1157 1160 accensus,
1174 1086 1232 1148 tot

80 1173 231 1256 labores
251 1178 471 1284 pertuleris,
490 1196 549 1256 tot
568 1174 695 1257 hostes
714 1176 958 1272 sustinueris;
985 1206 1107 1286 eaque
1127 1207 1229 1287 quo-

82 1286 178 1365 tidie
194 1287 347 1368 fortiter
364 1288 495 1382 facias,
513 1287 656 1396 quibus
677 1308 831 1369 tantum
847 1288 966 1382 abest,
983 1308 1027 1369 ut
1044 1290 1166 1370 ullam
1181 1290 1228 1371 ab

82 1397 273 1506 improbis
286 1399 435 1479 famam
449 1400 521 1479 tibi
534 1427 693 1508 quaeras,
708 1420 902 1481 uteorum
918 1400 1125 1481 certiffima
1140 1404 1229 1481 odia

80 1527 120 1588 et
139 1510 345 1591 maledieta
361 1514 402 1591 in
420 1531 457 1591 te
474 1514 670 1591 concitare
689 1540 768 1590 non
787 1513 965 1592 verearis.
1027 1514 1064 1590 O
1085 1532 1122 1592 te
1136 1512 1228 1593 bea·

79 1622 189 1700 tum!
216 1650 338 1731 quem
369 1626 477 1704 Deus
508 1650 633 1705 unum
664 1650 713 1703 ex
745 1641 803 1704 tot
829 1621 1004 1704 millibus
1035 1624 1225 1720 virorum,

78 1732 229 1840 alioqui
244 1734 462 1842 sapientum
475 1754 591 1843 atque
605 1735 826 1827 dodorum,
839 1763 890 1814 ex
905 1735 993 1842 ipfis
1010 1733 1227 1815 inferorum

78 1847 202 1951 portis
223 1874 266 1925 ac
287 1845 466 1926 faucibus
489 1867 684 1955 ereptum,
711 1846 759 1926 ad
787 1865 868 1925 tam
893 1847 1085 1954 insignem
1110 1867 1227 1956 atque

79 1957 316 2065 intrepidam
336 1958 543 2065 Evangelii
562 1958 620 2038 sui
640 1956 915 2067 professionem
936 1960 1123 2038 evocavit.
1173 1962 1228 2039 Et

77 2065 204 2148 habeo
226 2097 329 2149 nunc
348 2070 512 2178 quidem
531 2098 603 2150 cur
620 2088 760 2177 putem
780 2069 863 2150 Dei
877 2070 1075 2150 voluntate
1096 2069 1227 2179 frugu-

76 2179 149 2258 lari
174 2178 338 2273 fastum,
371 2201 414 2261 ut
445 2183 493 2262 ad
520 2201 559 2262 te
588 2183 703 2262 citius
730 2208 808 2260 non
833 2181 1100 2261 rescriberim:
1131 2210 1225 2262 cum

75 2293 186 2371 enim
204 2295 468 2401 intelligerem
488 2321 539 2372 ex
560 2294 702 2373 Literis
724 2295 814 2385 tuis,
844 2312 881 2370 te
907 2292 955 2371 ab
979 2291 1127 2372 infestis
1151 2321 1225 2372 un-

76 2402 196 2512 dique
223 2403 398 2486 hostibus
422 2406 594 2516 petitum
618 2423 735 2512 atque
762 2401 969 2497 obsessum,
993 2403 1224 2513 circumspi-

76 2544 179 2612 cere,
208 2537 249 2596 et
279 2517 422 2597 meritb
451 2516 630 2628 quidem,
656 2544 735 2625 quo
765 2534 803 2594 te
829 2515 950 2623 posses
978 2517 1019 2595 in
1045 2536 1224 2596 extremo

73 2626 353 2724 discrimine,fi
375 2631 428 2709 ita
448 2658 507 2710 res
528 2627 685 2722 tulisset,
698 2628 885 2737 recipere,
899 2646 939 2706 et
951 2629 1132 2735 Angliam
1152 2627 1224 2709 tibi

74 2739 115 2816 in
135 2742 274 2849 primis
292 2741 490 2850 placuisse,
510 2740 730 2849 gaudebam
750 2739 936 2849 equidem
954 2767 1032 2819 non
1052 2769 1131 2820 uno
1151 2768 1223 2821 no·

74 2851 198 2946 mine,
219 2872 256 2933 te
283 2855 321 2932 id
345 2853 495 2933 confilii
520 2851 683 2961 cepille3
716 2880 808 2931 cum
837 2853 896 2931 tui
927 2854 1111 2960 potiundi
1142 2850 1221 2959 spe,

75 2981 163 3042 tum
184 2965 288 3045 tede
309 2993 398 3046 mea
417 2967 541 3075 patria
558 2985 638 3043 tam
658 2965 838 3073 praeclare
852 2963 1017 3043 sentire:
1039 2963 1138 3043 illud
1150 2964 1222 3044 do-

74 3075 221 3171 lebam,
242 3105 320 3156 non
342 3096 429 3158 tum
449 3077 581 3157 vidisse
606 3104 671 3155 me
698 3077 801 3155 unde
823 3075 895 3154 tibi
925 3073 992 3154 hic
1023 3076 1128 3183 apud
1153 3102 1223 3156 nos

74 3187 287 3297 praesertim
306 3190 467 3296 Anglice
486 3188 686 3280 nescienti,
712 3216 783 3296 pro
807 3214 854 3265 eo
874 3214 919 3266 ac
938 3187 1094 3266 deceret
1113 3187 1221 3297 pros-

74 3304 237 3408 pestum
255 3301 346 3380 esset
361 3302 496 3411 posset.
557 3301 680 3380 Nunc
696 3326 789 3378 vero
808 3318 1098 3408 peropportune
1118 3300 1221 3379 acci·

72 3411 131 3492 dit
142 3431 186 3492 ut
198 3413 383 3493 Minister
401 3413 564 3522 quidam
584 3411 752 3492 Gallicus
766 3430 876 3491 aetate
896 3408 1111 3504 confectus,
1131 3429 1220 3491 ante

72 3551 217 3632 paucos
236 3526 317 3607 dies
337 3524 359 3605 ὲ
378 3528 459 3606 vita
481 3526 721 3631 migraverit.
781 3524 828 3601 In
855 3524 925 3603 ista
951 3522 1124 3604 Ecclesia
1149 3524 1219 3631 qui

72 3635 295 3743 plurimum
318 3638 487 3748 possunt,
512 3656 629 3745 teque
649 3637 726 3716 illis
745 3637 787 3715 in
806 3635 902 3715 locis
926 3635 1111 3716 nonsatis
1132 3634 1219 3714 tutb

71 3749 211 3828 versari
230 3750 458 3858 intelligunt
488 3750 582 3855 (non
607 3747 684 3828 hoc
708 3749 866 3827 incertis
890 3747 1114 3826 rumoribus
1133 3747 1217 3826 col·

69 3860 233 3953 ledum,
262 3860 326 3940 sed
352 3890 404 3941 ex
430 3861 519 3971 ipsis
545 3861 724 3940 auditum
747 3856 889 3963 refero)
920 3876 1149 3965 cooptatum
1179 3876 1217 3937 te

69 3971 176 4052 illius
196 3973 374 4052 Ministri
393 3973 434 4051 in
452 3974 588 4052 locum
608 3969 855 4077 summopere
877 3968 1058 4076 cupiunt,
1090 3969 1217 4049 immo

69 4084 238 4164 invitant
254 4114 265 4178 ;
296 4083 547 4195 sumptusque
566 4083 715 4162 itineris
734 4079 1033 4191 suppeditandos
1054 4080 1128 4159 tibi
1147 4080 1213 4159 deo

68 4214 298 4289 creverunt;
320 4216 437 4304 atque
456 4199 511 4275 ita
531 4194 604 4275 tibi
622 4193 671 4273 de
692 4221 731 4272 re
745 4190 929 4271 familiari
948 4189 1146 4300 provisum
1167 4191 1216 4270 iri

68 4307 318 4415 pollicentur,
333 4327 378 4387 ut
396 4308 674 4388 Ministrorum
695 4305 798 4414 apud
815 4331 884 4382 nos
901 4303 1129 4384 Gallicorum
1145 4330 1213 4382 ne-

68 4421 169 4500 mini
199 4420 366 4515 melius;
399 4448 469 4499 nec
500 4420 571 4499 tibi
603 4420 817 4525 quicquam
851 4414 1000 4509 defore,
1031 4416 1136 4522 quod
1167 4415 1214 4494 ad
