2956 4980
275 260 326 341 68
682 239 807 334 Artis
834 241 1017 370 Logicae
1209 235 1316 337 Lib.
1350 278 1385 331 r.

333 416 481 526 Philip.
505 443 543 496 2.
578 417 623 495 Si
633 416 732 495 inter
748 444 887 494 cauam
907 415 944 494 in
956 415 1032 494 tuis
1042 414 1260 496 immanibus
1272 417 1348 496 illis
1358 432 1425 524 pa-

274 532 367 611 culis
377 532 442 609 lzac
457 529 529 610 tibi
539 527 734 637 accidfflt,
751 527 832 636 quis
847 556 915 606 nau
929 544 1040 637 turpe
1051 526 1238 608 duceret?
1267 530 1315 607 Iu
1329 546 1425 608 catu

273 642 362 723 veri
370 644 501 752 papuli
519 644 568 721 R.
584 640 764 746 negotium
778 638 967 747 publicum
978 669 1125 746 gerens,
1139 640 1312 749 magister
1326 639 1426 748 equi-

274 775 368 849 tum,
391 759 466 836 ἃς.

558 1141 683 1219 CAP.
709 1139 826 1218 XXI.
859 1140 923 1218 De
944 1138 1144 1219 Similibus.

294 1340 323 1356 ⁴
374 1400 375 1405 ,
420 1338 449 1353 ·
472 1315 646 1393 Attenus
666 1313 965 1423 comparatioin
985 1314 1202 1421 quantitate
1223 1311 1315 1395 fuit
1364 1319 1431 1396 Se·

329 1460 341 1491 1
442 1520 446 1533 .
498 1427 633 1533 quitur
652 1424 876 1534 comparatio
895 1425 933 1503 in
952 1426 1150 1533 qualitate,
1171 1455 1246 1538 qua
1265 1456 1328 1507 res
1339 1458 1431 1508 com

441 1562 463 1642 p
489 1555 645 1646 parata
662 1538 789 1647 quales
806 1537 996 1617 dicuntur.

600 1651 735 1730 ualitas
749 1650 857 1729 enim
873 1650 1021 1756 Logica
1042 1675 1120 1727 non
1136 1645 1265 1729 solum
1280 1650 1340 1729 est
1359 1648 1428 1730 ha·

275 1759 395 1854 bitus,
416 1779 483 1839 aut
497 1760 607 1870 dispo
583 1764 709 1857 ortio,
725 1781 792 1842 aut
811 1763 1000 1870 potentia,
1020 1759 1115 1840 vel
1103 1764 1343 1869 1mpotentia
1362 1791 1429 1842 na-

278 1873 426 1966 turalis,
452 1892 519 1952 aut
536 1874 706 1982 denique
725 1874 850 1980 figura
877 1892 943 1953 aut
971 1871 1099 1954 forma
1123 1874 1309 1969 exterior,
1342 1902 1428 1983 quae

276 1983 433 2092 Arssot.
455 1983 599 2093 species
616 1987 813 2093 qualitatis
834 1985 934 2078 sunt,
951 2005 990 2065 et
1005 1987 1046 2065 in
1060 1985 1146 2064 aliis
1160 1985 1309 2066 artibus
1327 2006 1428 2066 trac·

276 2096 413 2197 tanda,
438 2096 502 2175 sed
534 2098 589 2177 est
620 2098 776 2178 affettio
807 2097 993 2205 quaelibet
1017 2098 1092 2177 five
1118 2098 1231 2192 ratio,
1257 2098 1339 2207 qui
1369 2127 1428 2180 res

275 2209 377 2288 inter
408 2208 444 2287 se
467 2230 701 2319 comparatae
724 2211 874 2317 qualeS,
899 2238 1043 2320 nempe
1070 2210 1212 2290 fimiles
1233 2230 1301 2291 aut
1321 2210 1428 2291 diffi-

275 2321 389 2400 miles
409 2322 606 2402 dicuntur.
668 2323 794 2403 Nulla
815 2342 949 2402 autem
976 2351 1035 2401 res
1059 2322 1128 2415 est,
1152 2324 1289 2431 quaefi
1316 2324 1429 2404 alteri

275 2434 463 2541 qualitate
483 2433 723 2528 conferatur,
744 2463 822 2513 non
844 2436 888 2514 fit
907 2436 945 2514 ei
965 2434 1099 2514 fimilis
1119 2434 1182 2515 vel
1202 2434 1414 2516 diffimilis.

440 2597 584 2676 Similia
590 2597 687 2703 stant
706 2627 859 2708 quarum
879 2597 1000 2678 eadem
1018 2597 1066 2705 est
1084 2597 1263 2706 qualitas.

331 2772 395 2851 Sic
421 2771 529 2850 enim
557 2768 694 2849 definit
719 2769 947 2878 Arssoteles,
976 2767 1080 2849 Phil.
1112 2769 1147 2851 8.
1185 2798 1196 2849 1
1208 2795 1245 2877 ς.
1273 2790 1314 2850 et
1335 2773 1430 2853 Ba·-

274 2883 389 2978 thius,
416 2884 443 2962 l.
467 2909 504 2961 2.
528 2882 568 2960 in
596 2882 677 2962 Cic.
708 2880 797 2989 Tap.
811 2881 1030 2987 stmilituda,
1056 2883 1200 2990 inquit,
1225 2883 1275 2992 cst
1301 2885 1431 2965 unitas

273 2997 481 3106 qualitatis.
554 2997 850 3102 Argumentum
890 2996 1012 3101 igitur
1051 2994 1319 3075 fimilitudinis
1359 2997 1430 3091 est,

272 3110 430 3217 quando
454 3108 579 3187 simile
606 3107 824 3216 explicatur
848 3103 870 3184 ὲ
894 3106 1025 3186 simili.
1084 3109 1236 3214 Magna
1261 3109 1432 3216 quidem

274 3221 330 3300 est
349 3222 513 3301 affinitas
530 3220 687 3327 parium
702 3248 796 3298 cum
816 3218 1032 3313 fimilibus;
1064 3217 1202 3299 verum
1221 3239 1267 3299 ut
1285 3247 1339 3300 ex
1359 3223 1431 3301 de·

274 3331 516 3412 finitionibus
544 3360 681 3411 eorum
708 3330 925 3440 perspicere
950 3331 1057 3424 licet,
1082 3333 1124 3412 in
1149 3329 1226 3412 hoc
1248 3332 1430 3414 maximia

274 3444 475 3536 differunt,
501 3441 608 3551 quod
633 3445 740 3552 paria
764 3472 843 3523 non
873 3443 1088 3524 admittunt
1116 3443 1331 3524 elationem
1362 3465 1431 3526 aut

274 3555 597 3648 summiffionem,
610 3555 749 3635 fimilia
760 3556 992 3635 admittunt:
1016 3555 1172 3664 pofl'unt'
1183 3556 1291 3635 enim
1303 3558 1431 3638 etiam

274 3669 471 3748 fimillima
496 3667 642 3772 majora
667 3667 740 3747 elle
768 3669 830 3748 vel
854 3668 1034 3747 minora:
1069 3668 1176 3777 quod
1206 3668 1316 3776 paria
1349 3697 1429 3750 non

273 3781 441 3889 poliunt.

331 3891 557 3972 Similitudo
577 3894 780 4001 proportio
793 3893 952 3985 dicitur,
970 3891 1106 3972 Graeci
1127 3891 1208 3973 feri
1227 3893 1428 4001 analogia,·

274 4007 465 4088 etfimilia
486 4006 804 4112 proportionalia,
827 4004 963 4084 Graece
982 4005 1154 4134 analoga.
1215 4005 1429 4115 Propertio

273 4139 406 4200 autem
427 4114 526 4196 nihil
548 4116 653 4195 aliud
673 4118 728 4196 est
743 4145 863 4225 quam
882 4118 1049 4197 duarum
1070 4118 1268 4198 rationum
1287 4115 1430 4198 fimili-

273 4234 394 4313 tudo:
428 4230 525 4309 ratio
546 4249 679 4308 autem
699 4229 754 4308 est
781 4231 987 4309 duorum
975 4250 1077 4309 mter
1098 4229 1135 4309 se
1161 4231 1427 4311 terminorum

273 4346 347 4425 five
369 4370 500 4423 rerum
520 4342 693 4420 collatio.
743 4343 1025 4422 *Monendum
1046 4362 1181 4422 autem
1206 4342 1263 4421 est
1283 4343 1428 4424 fimilia

273 4459 345 4537 srve
367 4457 570 4536 contrailae
590 4453 725 4535 formae
747 4454 821 4533 five
840 4456 1042 4564 explicatae
1063 4455 1236 4564 urgenda
1256 4482 1335 4536 non
1350 4454 1424 4537 else
