2956 4980
299 119 462 215 Literae
488 117 680 215 Oliverii
707 120 997 214 Protectoris.
1148 158 1200 232 24
1205 156 1227 238 ς

69 446 273 527 Oliverius
294 449 491 529 Protedior
507 451 614 560 Reip.
633 453 788 558 Angliae
806 450 1025 557 Serenfflmo
1046 452 1225 559 Principi

123 560 367 752 {iaqumtqffleli
391 561 589 641 Sabaudiae
610 565 730 657 Duci,
761 564 1010 643 Pedemontii
1031 564 1220 672 Principi,

151 832 398 912 Sereniffime
420 834 622 941 Princeps,
721 894 724 899 ,

169 954 323 1034 Edditae
338 955 425 1035 sunt
441 956 553 1035 nobis
567 959 733 1052 Genmd,
747 985 819 1036 nec
833 985 909 1037 non
925 989 975 1039 ex
985 960 1221 1069 Delphinatu

196 1066 358 1175 aliisque
378 1056 514 1148 multis
534 1097 584 1147 ex
604 1069 700 1149 locis
720 1070 868 1149 ditione
889 1071 1021 1151 vestrae
1040 1072 1219 1153 finitimis

67 1176 200 1274 literae,
230 1181 373 1287 quibus
399 1181 583 1261 certiores
615 1179 709 1260 faeti
735 1182 881 1275 sumus,
904 1185 1066 1290 Regalis
1086 1185 1218 1264 vestrae

67 1288 318 1371 Celfitudinis
345 1291 508 1373 subditis
529 1293 785 1399 Rrfirmatam
810 1294 1066 1401 Religionem
1095 1295 1218 1404 profi·

65 1403 251 1498 tentibus,
271 1403 397 1485 vestro
417 1406 560 1484 Edicto
580 1425 696 1513 atque
717 1403 951 1484 authoritate
975 1408 1216 1516 imperatum

64 1539 191 1624 nuper
210 1515 298 1609 effe,
324 1517 383 1595 uti
403 1518 534 1596 triduo
553 1515 674 1625 qulam
695 1516 771 1597 hoc
792 1519 965 1596 edietum
985 1519 1216 1628 promulga-

65 1643 152 1706 tum
178 1629 255 1708 erit
272 1627 348 1707 suis
367 1629 519 1708 sedibus
539 1649 655 1739 atque
676 1631 778 1736 agris
801 1632 993 1709 excedant
1017 1632 1131 1740 poend
1150 1659 1215 1710 ca-

63 1740 170 1847 pitia,
188 1759 229 1819 et
242 1739 491 1820 fortunarum
507 1745 691 1821 omnium
707 1742 907 1821 amiffione
923 1743 1131 1853 propofita,
1145 1743 1215 1822 nifi

62 1848 185 1930 fidem
209 1850 373 1933 fecerint
398 1854 435 1932 se
465 1853 650 1934 derelicta
682 1855 871 1961 religione
899 1854 978 1948 sud,
1010 1857 1111 1934 intra
1134 1856 1216 1935 dies

61 1963 206 2071 viginti
220 1965 449 2045 Catholicam
461 1966 715 2074 Religionem
731 1967 1004 2074 amplexuros:
1029 1969 1216 2075 Cumque

61 2071 98 2153 fe
125 2073 321 2184 supplices
342 2077 390 2156 ad
412 2078 696 2158 Celfitudinem
716 2079 883 2159 vestram
904 2080 1097 2185 Regalem
1121 2107 1217 2158 con-

61 2186 249 2282 tuliffent,
271 2208 447 2297 petentes
464 2192 522 2269 uti
543 2192 717 2271 edietum
738 2190 837 2269 illud
853 2211 1071 2283 revocetur,
1092 2209 1214 2297 utque

59 2297 131 2406 ipfi
150 2301 356 2412 pristinam
377 2303 417 2380 in
437 2304 604 2409 gratiam
625 2304 787 2411 recepti,
809 2302 990 2381 concellae
1009 2299 1213 2381 dSerenis-

59 2410 166 2492 nmis
185 2413 407 2518 Majoribus
428 2414 560 2494 vestris
585 2415 755 2495 libertati
776 2414 1040 2507 restituantur,
1061 2434 1215 2523 partem

57 2539 192 2603 tamen
209 2527 402 2606 exercitus
421 2526 536 2606 vestri
556 2528 597 2604 in
617 2555 681 2605 eos
703 2528 900 2632 impetum
916 2525 1045 2606 fecilse
1066 2527 1213 2606 multos

56 2634 321 2716 crudeliffime
342 2638 558 2731 trucidalle,
584 2639 679 2718 alios
699 2639 864 2717 vinculis
884 2639 1093 2732 mandasse,
1121 2639 1213 2717 reli-

56 2774 158 2855 quos
178 2748 220 2826 in
241 2749 387 2830 deserta
405 2752 489 2829 loca
506 2749 734 2860 montesque
750 2751 906 2830 nivibus
921 2770 1125 2858 coopertos
1141 2777 1213 2828 ex-

56 2859 213 2969 puliffe,
253 2862 323 2942 ubi
354 2861 597 2942 familiarum
635 2864 786 2970 aliquot
820 2863 1017 2954 centuriae,
1056 2890 1103 2941 eo
1136 2861 1214 2940 loci

56 2970 292 3079 rediguntur
322 2994 366 3054 ut
397 2976 443 3054 fit
472 2977 732 3053 metuendum
762 3002 811 3054 ne
846 2972 993 3080 frigore
1025 2992 1065 3051 et
1091 2971 1211 3066 fame,

55 3080 168 3163 brevi
185 3084 258 3164 fint
275 3085 412 3166 misere
432 3114 569 3166 omnes
589 3088 782 3195 periturae.
842 3085 940 3164 Haec
957 3113 1050 3165 cum
1071 3083 1118 3163 ad
1141 3111 1211 3163 nos

55 3195 208 3307 perlata
223 3197 356 3291 efl'ent,
371 3197 476 3279 haud
493 3199 579 3277 sane
599 3200 802 3306 potuimus
822 3199 934 3305 quin,
950 3196 1064 3302 hujus
1084 3193 1210 3274 afflic-

57 3307 194 3389 tiffimi
215 3311 354 3418 populi
374 3328 479 3390 tanta
498 3311 718 3390 calamitate
739 3309 883 3402 audita,
900 3309 1056 3388 summo
1075 3308 1211 3388 dolore

55 3445 104 3499 ac
132 3420 381 3502 miseratione
410 3450 768 3502 commoveremur.
830 3423 939 3499 Cum
969 3442 1101 3501 autem
1130 3447 1211 3499 non

55 3526 315 3613 humanitatis
336 3535 456 3614 modo
475 3535 539 3614 sed
559 3534 731 3640 ejusdem
755 3533 957 3641 religionis
983 3534 1211 3613 communi-

54 3670 149 3738 one,
168 3645 346 3754 adeoque
371 3645 540 3727 fraternd
563 3649 718 3755 penitus
742 3645 1019 3725 neceffitudine
1045 3672 1140 3724 cum
1164 3646 1211 3722 iis

54 3755 286 3862 conjunctos
307 3786 376 3838 nos
396 3759 470 3838 efl'e
491 3758 698 3852 fateamur,
720 3756 892 3837 satisfieri
910 3755 931 3835 a
950 3755 1062 3836 nobis
1082 3784 1210 3863 neque

54 3867 190 3948 nostro
209 3896 302 3976 erga
322 3873 460 3950 Deum
486 3871 631 3964 offici0,
657 3898 784 3977 neque
810 3868 985 3949 fraternae
1013 3867 1210 3962 charitati,

55 4005 187 4088 neque
207 3981 408 4089 religionis
431 3982 605 4092 ejusdem
629 3981 853 4091 profeffioni
878 3981 981 4090 polle
1006 3978 1210 4058 existima-

55 4092 204 4185 vimus,
237 4093 265 4172 sr
295 4094 336 4172 in
364 4093 437 4173 hac
464 4094 629 4174 fratrum
661 4094 883 4173 nostrorum
913 4094 1134 4173 calamitate
1166 4119 1211 4168 ac

54 4201 213 4283 miseria
233 4203 313 4283 solo
333 4205 441 4284 sensu
467 4206 611 4286 doloris
636 4206 895 4298 afficeremur,
922 4206 990 4284 nisr
1014 4208 1133 4283 etiam
1162 4201 1210 4280 ad

53 4314 292 4396 sublevanda
319 4345 458 4398 eorum
484 4337 542 4397 tot
568 4318 671 4397 mala
702 4318 915 4425 inopinata,
946 4336 1139 4425 quantum
1169 4312 1209 4391 in

52 4428 170 4509 nobis
185 4429 242 4508 est
257 4429 387 4523 fitum,
404 4459 566 4509 omnem
584 4458 745 4539 operam
762 4429 931 4508 nostram
948 4426 1209 4507 conferamus.
