2956 4980
172 265 251 343 124
583 225 708 318 Artis
734 226 918 354 Logieae
1114 223 1223 321 Lib.
1249 267 1288 324 2.

167 399 189 481 a
208 401 307 511 pari,
329 398 419 479 idem
441 397 546 507 quod,
567 415 644 478 tam
664 397 787 507 quim,
802 415 907 478 tanto
919 378 1070 509 quanta,
1090 416 1147 479 tot
1165 417 1268 508 quot,
1289 401 1324 480 ei

166 512 261 624 qul;
299 530 385 591 tum
405 509 427 590 a
449 510 603 616 majori,
623 508 916 618 nanſstlalm,st²d
930 511 1069 604 eta'am5
1100 530 1188 591 tum
1209 509 1324 592 ami·

169 626 271 718 nori,
298 653 367 703 nan
402 622 500 703 madi
532 651 616 715 nan,
638 621 714 727 sed
741 653 786 703 ne
813 625 917 731 (quae
945 642 1037 703 nota
1061 623 1117 703 est
1147 624 1324 733 copulati

167 738 374 817 axiomatis
399 736 598 827 affirmati,
618 734 728 839 cujus
750 753 876 844 partes
897 746 1104 843 negantur)
1125 733 1210 815 caim
1229 753 1321 816 tum.

170 850 328 930 Relatio
350 867 482 928 autem
502 845 584 927 haec
607 865 647 925 et
673 848 870 954 qualitatis
894 866 934 927 et
951 849 1180 956 quantitatis
1200 848 1230 926 s1
1250 846 1323 956 hy-

171 959 371 1072 pothetice
384 988 462 1038 non
472 956 645 1039 absolute
659 959 883 1039 enuntiatur
894 960 943 1039 ad
955 987 1182 1039 connexum
1193 962 1326 1068 potius

171 1073 372 1155 referenda
392 1073 462 1151 est.

227 1185 454 1266 Relationes
473 1200 607 1262 autem
627 1181 705 1261 loci
732 1182 779 1261 ad
806 1183 965 1264 axioma
991 1185 1157 1294 simplex
1182 1185 1324 1265 festius

170 1299 405 1390 referuntur,
437 1314 482 1374 ut
512 1293 625 1402 supra
654 1294 710 1373 est
740 1294 906 1375 dietum.
967 1297 1112 1404 Neque
1144 1297 1323 1376 enimin

170 1410 394 1519 hujusmodi
414 1406 616 1516 exemplo,
637 1405 704 1486 nbi
717 1406 831 1486 ama‘ci
846 1406 901 1487 ibi
915 1425 1008 1517 opes,
1022 1409 1078 1489 est
1091 1408 1323 1518 copulatum

163 1525 380 1633 judicium,
402 1519 466 1599 sed
486 1519 652 1628 simplex
677 1538 717 1599 et
743 1519 906 1626 quidem
926 1521 1130 1629 generale;
1162 1520 1320 1614 scilicet,

171 1663 334 1719 omnem
353 1633 518 1713 divitem
538 1632 685 1710 amicos
706 1629 861 1711 habere.

381 2009 506 2088 CAP.
528 2010 604 2089 Vl.
637 2009 702 2089 De
720 2010 920 2090 Axiamate
939 2039 1106 2090 connexo.

180 2264 186 2271 ·
271 2258 289 2297 a
313 2252 319 2258 “
349 2234 498 2313 Xiom
514 2232 1101 2341 connexumestcangregativam,
1116 2230 1226 2337 cujm
1239 2260 1322 2313 can·

295 2362 303 2390 ⁸
380 2345 530 2452 junetio
550 2345 598 2453 est
616 2343 833 2424 connexiva.

176 2442 191 2542 ‚¹
251 2532 275 2567 J.
453 2460 518 2552 Ut,
525 2458 580 2562 fi,
600 2456 670 2561 nii
686 2453 930 2536 affirmative.
989 2454 1103 2533 ldem
1127 2455 1236 2534 enim
1257 2482 1323 2534 va-

257 2585 275 2617 ·
312 2597 340 2617 ¹
397 2569 451 2647 let
471 2570 550 2675 nist,
564 2570 671 2676 quod
676 2569 721 2674 ſs
737 2597 832 2648 nan:
863 2596 943 2675 quo
963 2595 1041 2647 non
1062 2585 1192 2647 totum
1213 2568 1324 2647 axio·

165 2706 244 2772 ma,
265 2677 325 2756 sed
345 2682 576 2760 antecedens
598 2698 751 2760 tantum
772 2700 960 2788 negatur:
993 2699 1037 2758 ut
1056 2678 1207 2760 AEneid.
1234 2705 1273 2759 2.

223 2869 382 2975 -β
397 2871 564 2977 mfirum
569 2870 739 2978 fortuna
761 2868 926 2949 Sinonem

225 2981 373 3076 Finxit,
393 3011 533 3064 vanum
551 2982 662 3062 etiam
680 2981 953 3091 mendaclmque
971 2978 1284 3089 improbafinget.

224 3202 348 3307 Cujus
365 3208 524 3312 negatio
542 3205 613 3299 est,
632 3225 770 3311 negata
785 3203 1074 3309 conjunctione,
1097 3206 1186 3283 Nan
1191 3205 1238 3309 st
1252 3206 1324 3286 mi·

152 3313 283 3417 serum
282 3315 452 3420 fortuna
466 3318 630 3398 Sinonem
630 3318 914 3425 finxit,vanum
926 3317 1038 3396 etiam
1048 3314 1327 3426 mendaclmque

166 3424 331 3533 improba
336 3427 478 3535 finget.

224 3537 438 3643 Conjunetio
458 3540 569 3620 etiam
587 3541 667 3621 haec
682 3539 865 3621 interdum
880 3556 1043 3647 negatur
1062 3536 1246 3647 apertiais,
1259 3569 1326 3620 ne·

159 3650 282 3754 ganda
309 3650 608 3760 consequentiam.
663 3654 737 3747 Ut,
758 3680 837 3732 non
864 3650 1068 3745 continuo,
1089 3678 1167 3731 non
1197 3651 1325 3747 illico,

165 3789 244 3841 non
264 3762 426 3856 idcirco,
440 3792 518 3844 non
539 3763 652 3843 ideo:
684 3763 745 3843 his
765 3764 873 3843 enim
888 3761 1068 3843 formulis
1084 3791 1164 3843 non
1185 3764 1324 3844 conse-

162 3901 287 3981 quens
308 3876 516 3956 axiomatis
535 3875 590 3955 id.
606 3902 645 3956 n.
665 3876 1016 3956 contradictionem
1036 3902 1113 3954 non
1133 3874 1325 3981 efficeret,

164 3985 228 4064 sed
246 3985 327 4094 ipsa
346 3989 518 4097 partium
536 3987 811 4096 consequentia
826 4016 912 4095 quae
926 3987 1076 4094 Logica
1094 3986 1323 4090 conjuntstio

79 4098 84 4108 ’
164 4096 220 4175 est
239 4099 407 4205 apertius
434 4118 626 4206 negatur:
670 4120 714 4179 ut
733 4128 804 4208 pro
824 4103 957 4179 Amer.
981 4102 1069 4178 Non
1088 4098 1273 4193 continui,
1279 4101 1326 4205 st

162 4238 217 4288 me
247 4208 285 4289 in
305 4211 533 4315 ficariorum
561 4238 713 4317 gregem
741 4211 892 4305 cantuli,
904 4209 1073 4318 ficarius
1088 4209 1193 4318 stem.
1254 4212 1321 4292 De

164 4322 287 4400 Fato:
320 4324 403 4403 Nec
415 4321 460 4426 ſs
475 4352 573 4402 amne
599 4324 830 4404 enuntiatum
855 4352 986 4404 verum
1006 4322 1055 4431 est
1073 4341 1144 4403 aut
1155 4322 1317 4431 fhffum,

147 4432 325 4541 stquitur
343 4434 439 4515 illice
459 4434 588 4542 causas
606 4434 670 4543 effe
689 4435 940 4516 immutabiles.

218 4544 431 4652 Affirmatia
444 4547 745 4655 enimstgnfficat,
753 4549 853 4651 ststt
868 4546 1095 4642 antecedens,
1107 4545 1220 4628 etiam
1231 4574 1316 4628 con·
