2956 4980
274 220 353 324 318
512 212 674 306 Literae
701 203 894 304 Oliverii
918 207 1209 302 Protectoris.

270 400 419 461 catores
442 382 621 477 servaret,
649 383 731 488 ejus
755 381 958 461 mitiffimo
980 381 1142 460 nomine
1169 399 1286 488 atque
1311 378 1420 460 insti-

271 494 365 573 tutis
385 494 434 573 ad
454 495 725 574 innocentium
743 492 1022 571 crudelillimas
1040 493 1160 571 caedes
1179 492 1418 571 abutuntur:

271 605 378 711 eripe
399 608 470 713 qui
489 626 614 716 potes,
645 607 794 714 quique
824 606 865 682 in
895 622 1003 683 tanto
1026 601 1181 710 fastigio
1209 604 1354 710 dignus
1382 629 1422 681 es

271 715 390 822 poffe,
422 736 480 796 tot
498 717 691 826 supplices
711 735 798 796 tuos
825 714 1116 794 homicidarum
1144 742 1195 793 ex
1224 713 1421 806 manibus,

260 828 340 934 ¹qui
370 856 508 908 cruore
539 857 664 937 nuper
702 827 816 920 ebrii,
848 827 1074 933 sanguinem
1107 823 1233 905 rursus
1263 827 1420 919 sttiunt3

269 937 421 1046 suaeque
451 941 641 1019 invidiam
674 938 914 1018 crudelitatis
944 941 983 1016 in
1016 938 1217 1046 Principes
1245 937 1421 1017 derivare

270 1050 598 1131 consultiffimum
613 1050 683 1130 fibi
698 1051 862 1129 ducunt.
901 1050 969 1128 Tu
984 1048 1078 1129 verb
1096 1077 1167 1127 nec
1183 1048 1319 1128 titulos
1335 1070 1422 1128 tuos

270 1180 339 1239 aut
361 1163 493 1269 Regni
515 1163 610 1242 fines
630 1161 700 1241 ista
720 1162 880 1254 invidia,
905 1188 976 1240 nec
997 1159 1259 1268 Evangelium
1281 1159 1425 1269 Chrssi

269 1275 559 1380 pacatiffimum
579 1275 648 1353 ista
667 1274 897 1352 crudelitate
922 1271 1059 1352 foedari
1081 1293 1118 1353 te
1143 1293 1330 1377 regnante
1349 1301 1421 1382 pa-

270 1384 389 1464 tiaris.
450 1387 687 1466 Memineris
703 1385 775 1465 hos
789 1384 895 1495 ipsos
915 1386 977 1463 avi
997 1387 1055 1464 tui
1075 1384 1243 1463 Henrici
1266 1384 1419 1464 Protes-

269 1497 440 1576 tantibus
460 1498 682 1578 amiciffimi
700 1497 899 1577 dedititios
919 1495 1053 1590 fuisse3
1079 1524 1173 1574 cum
1194 1496 1420 1603 Diguierius

265 1636 337 1716 per
365 1637 411 1688 ea
440 1610 540 1704 loca,
570 1639 648 1718 qua
676 1609 797 1688 etiam
826 1608 1162 1689 commodiffimus
1192 1607 1232 1685 in
1263 1610 1418 1688 Italiam

267 1721 444 1800 tranlitus
456 1721 524 1815 est,
541 1720 753 1802 sabaudum
765 1740 867 1800 trans
880 1721 997 1829 Alpes
1008 1720 1213 1799 cedentem
1225 1721 1352 1799 vietor
1363 1722 1418 1800 est

266 1829 484 1912 insecutus:
520 1833 729 1912 deditionis
769 1831 873 1911 illius
912 1831 1215 1911 instrumentum
1246 1833 1288 1910 in
1323 1834 1417 1912 actis

264 1944 375 2046 regni
392 1942 507 2022 vestri
528 1944 697 2052 publicis
717 1945 936 2024 etiamnum
953 1964 1082 2038 extat;
1109 1945 1149 2022 in
1169 1970 1251 2050 quo
1269 1971 1416 2052 excep-

266 2071 353 2132 tum
373 2072 490 2161 atque
509 2074 671 2135 cautum
690 2057 793 2134 inter
807 2056 882 2134 alia
901 2055 969 2149 est,
992 2056 1059 2134 Ne
1078 2056 1143 2133 cui
1163 2054 1296 2163 postea
1317 2058 1415 2135 Con·

263 2164 440 2270 vallenses
454 2167 710 2260 traderentur,
728 2167 799 2246 nifi
816 2166 954 2245 iisdem
968 2167 1258 2247 conditionibus
1272 2167 1415 2273 quibus

147 2298 151 2305 ·
264 2303 312 2354 eo
338 2305 432 2357 avus
457 2297 545 2358 tuus
579 2279 849 2358 invictiffimus
872 2278 913 2354 in
937 2277 1057 2358 fidem
1080 2279 1242 2387 recepit.
1296 2280 1414 2359 Hanc

265 2385 385 2467 fidem
398 2417 503 2470 nunc
515 2391 742 2500 implorant,
756 2390 902 2469 avitam
914 2389 980 2468 abs
993 2410 1030 2470 te
1045 2392 1205 2499 Nepote
1220 2389 1415 2500 supplices

263 2502 491 2605 requirunt:
525 2505 582 2580 tui
603 2502 692 2594 effe,
712 2498 835 2609 quam
857 2501 967 2607 cujus
990 2528 1095 2581 nunc
1119 2501 1221 2594 sunt,
1242 2502 1304 2581 vel
1324 2531 1413 2611 per-

265 2612 481 2690 mutatione
497 2614 643 2719 aliqud,
657 2614 682 2691 fi
696 2612 780 2691 fieri
795 2613 922 2720 poffit,
936 2613 1076 2693 malint
1091 2634 1206 2720 atque
1219 2617 1410 2722 optarint:

263 2720 303 2798 id
324 2722 351 2799 fi
372 2723 577 2817 nonlicet,
598 2725 814 2832 patrocinio
842 2724 991 2817 saltem,
1020 2724 1265 2803 miseratione
1296 2744 1412 2832 atque

262 2832 460 2941 perfugio.
520 2837 618 2915 Sunt
637 2857 676 2915 et
696 2837 862 2915 rationes
879 2837 991 2941 regni
1006 2864 1091 2942 quae
1111 2834 1259 2915 hortari
1272 2838 1412 2944 poffint

265 2963 307 3023 ut
334 2946 588 3052 Convallenses
616 2947 663 3025 ad
695 2966 732 3026 te
761 2945 1034 3053 confugientes
1063 2974 1112 3026 ne
1142 2948 1315 3053 rejicias;
1348 2948 1411 3027 sed

263 3057 388 3136 nolim
410 3078 462 3149 te,
480 3059 574 3137 ,Rex
595 3078 722 3137 tantus
742 3055 836 3137 cltm
857 3059 917 3151 lis,
936 3059 1021 3138 aliis
1042 3061 1254 3139 rationibus
1274 3059 1323 3138 ad
1342 3061 1412 3138 de·

262 3165 477 3248 fenstonem
489 3170 801 3249 calamitosorum
814 3167 934 3278 quam
950 3170 1026 3249 fide
1043 3168 1065 3249 a
1080 3171 1292 3276 majoribus
1308 3171 1410 3264 data,

261 3280 420 3386 pietate,
443 3283 628 3389 regiaque
656 3284 779 3360 animi
802 3282 1043 3388 benignitate
1071 3309 1115 3362 ac
1141 3282 1412 3389 magnitudine

261 3395 494 3496 permoveri.
555 3395 614 3472 lta
635 3391 893 3501 pulcherrimi
918 3393 1010 3472 facti
1036 3394 1117 3472 laus
1142 3414 1259 3501 atque
1284 3395 1410 3500 gloria

260 3501 410 3581 illibata
429 3523 467 3582 at
499 3533 545 3582 ue
566 3507 717 3610 integra
739 3524 804 3584 tua
819 3506 908 3598 erit,
929 3523 967 3584 et
987 3504 1066 3613 ipse
1083 3506 1239 3585 Patrem
1259 3505 1410 3584 miseri-

259 3533 568 3720 cordiaeejuique
582 3614 1178 3724 filiumChrssumRegem,cujus
1192 3643 1337 3695 nomen
1351 3636 1411 3695 at-

260 3753 336 3830 que
357 3726 575 3805 doctrinam
591 3727 639 3805 ab
657 3729 900 3807 immanitate
913 3727 1059 3806 nefaria
1074 3729 1347 3821 vindicaveris,
1363 3756 1411 3807 eo

261 3838 386 3944 magis
407 3836 604 3917 faventem
624 3838 695 3918 tibi
716 3857 832 3946 atque
848 3840 1066 3947 propitium
1082 3867 1152 3946 per
1167 3867 1329 3918 omnem
1349 3841 1409 3918 vi-

261 3966 342 4027 tam
363 3951 587 4057 experieris.
648 3952 759 4030 Deus
774 3952 874 4058 Opt.
890 3951 1006 4029 Max.
1029 3950 1075 4029 ad
1095 3952 1264 4058 gloriam
1285 3950 1410 4044 suam,

260 4078 318 4138 tot
332 4062 736 4141 innocentiffimorum
751 4060 1070 4142 hominumChri
1097 4063 1262 4141 ianorum
1278 4083 1410 4143 tutan-

258 4172 350 4250 dam
389 4172 565 4265 salutem,
602 4173 851 4279 vestrumque
886 4202 1024 4252 verum
1063 4173 1180 4254 decus
1214 4173 1415 4282 Majestuti

257 4285 390 4393 vestrae
409 4283 509 4362 hanc
531 4305 707 4364 mentem
728 4285 887 4388 injiciat.

346 4394 663 4502 Westmonasterio.
686 4397 792 4475 Maii
806 4424 869 4475 an.
895 4396 1013 4502 1658.
