2956 4980
20 250 23 255 '
108 218 223 327 Lib.
241 271 280 327 2.
463 231 620 326 Praxis
645 231 845 359 Logicae.
1157 267 1204 350 17
1212 268 1233 350 5

82 403 329 486 conservante
350 432 420 515 per
437 403 737 484 similitudinem
756 402 837 481 cibi
857 402 1081 482 illustratur.
1125 405 1236 483 Con-

84 507 200 597 clusio
217 519 401 628 praecedit
420 519 461 595 in
481 518 611 627 primo
632 513 814 595 disticho.
863 517 1039 595 Secunda
1060 517 1158 595 ratio
1178 517 1235 595 est

86 628 360 711 contenanum
387 657 437 709 ex
468 629 728 737 assumptione
756 628 896 735 prioris
923 627 1137 735 syllogismi
1167 628 1237 708 de-

88 732 256 822 loetum.
320 743 465 822 Otium
491 741 546 820 est
572 740 684 820 causa
712 767 917 847 procreans
942 761 983 820 et
1008 739 1236 821 conservans

86 858 247 949 amoris3
269 882 366 962 ergo
385 854 535 935 sublato
555 855 652 946 otio,
669 880 781 932 amor
801 852 965 932 tollitur.
999 853 1123 957 Cujus
1144 874 1246 962 pro·'

81 965 217 1064 positio
240 985 281 1046 et
306 966 609 1046 fundamentum
637 965 692 1046 est
714 967 912 1072 Logicum
931 964 1030 1044 illud
1051 966 1232 1059 axioma3

10 1136 13 1155 .
79 1067 224 1160 sublata
243 1078 370 1173 causa,
393 1079 545 1159 tollitur
564 1079 766 1170 effectum,
782 1105 866 1184 quae
884 1078 1098 1187 propositio
1119 1079 1146 1157 fi
1166 1079 1236 1158 ad·

75 1180 205 1287 datur,
226 1192 367 1301 plenus
387 1192 461 1271 erit
480 1189 736 1298 syllogismus.

131 1303 385 1413 Exemplum
404 1304 619 1384 secundum
640 1301 722 1380 ibid
742 1329 793 1379 ex
813 1299 962 1380 AEneid.
985 1328 1026 1402 4.

130 1466 225 1545 Non
245 1465 319 1546 tibi
333 1465 424 1545 dtita
436 1484 577 1576 parens
587 1465 735 1573 generis
754 1495 818 1544 nec
833 1465 1044 1544 Dardanus
1062 1468 1195 1546 audior

130 1576 286 1687 Perfide
298 1609 313 1656 .·
329 1577 406 1685 sed
419 1578 524 1658 duris
538 1579 670 1686 genuit
691 1596 727 1657 te
747 1577 917 1658 cautibus
935 1579 1089 1667 horrens

133 1691 341 1799 Caucafits.
401 1694 662 1801 Hyrcanaque
681 1690 876 1772 admorunt
897 1689 1012 1770 ubera
1038 1690 1178 1798 Tigres.

133 1860 222 1943 Hic
241 1858 428 1939 effectum
449 1861 504 1939 est
524 1861 681 1940 AEneas.
716 1859 849 1939 Causae
864 1862 1091 1956 efficientes,
1112 1882 1237 1971 pater,

60 1983 220 2067 mater,
234 1974 384 2064 nutrix,
399 1972 540 2052 modus
556 1993 688 2051 autem
704 1974 900 2052 efficiendi
920 2002 998 2053 non
1014 2003 1135 2055 unus:
1167 2005 1238 2086 pa-

60 2096 208 2165 rentes
228 2085 337 2164 enim
358 2084 500 2164 liberos
520 2085 697 2164 efficiunt
717 2087 971 2194 procreando,
993 2090 1126 2167 nutrix
1146 2087 1240 2167 verd

59 2197 355 2278 conservando.
427 2197 662 2307 Disponitur
699 2219 833 2277 autem
881 2195 957 2278 hoc
1006 2201 1240 2310 exemplum

60 2313 281 2390 axiomate
320 2308 499 2390 discreto.
559 2309 749 2390 Anchises
788 2330 828 2390 et
857 2312 993 2391 Venus
1032 2340 1112 2392 non
1153 2313 1240 2392 sunt

63 2412 217 2502 AEneae
236 2441 428 2530 parentes,
449 2442 494 2502 ut
515 2423 667 2502 Didoni
693 2423 836 2530 placet,
857 2422 919 2501 sed
948 2423 1110 2504 horrens
1133 2425 1240 2504 Cau·

62 2534 191 2615 Casus
212 2553 253 2613 et
272 2534 376 2614 durae
395 2554 551 2626 cautes3
582 2537 777 2642 Hyrcanae
805 2556 937 2615 autem
961 2538 1081 2644 tigres
1103 2558 1146 2618 ut
1165 2566 1239 2617 nu-

65 2650 200 2727 tn'ces
221 2646 341 2725 ubera
362 2647 633 2727 admoverunt.

138 2759 390 2868 Exemplum
416 2761 577 2839 tertium
601 2760 657 2840 est
686 2758 861 2838 solitariae
883 2760 1003 2840 causae
1022 2779 1105 2869 cup.
1128 2789 1167 2863 4.
1191 2789 1240 2840 ex

67 2866 232 2953 AEneid.
255 2899 295 2978 9.

138 3038 227 3128 Me,
246 3065 301 3114 me
313 3066 328 3112 .·
357 3034 497 3143 adsum,
518 3036 586 3145 qui
585 3036 686 3142 feci,
709 3037 747 3116 in
766 3065 821 3115 me
840 3037 1045 3115 convertite
1054 3034 1212 3140 serrum
1255 3011 1265 3027 ⁸

143 3149 182 3227 0
203 3147 354 3240 Rutuli,
375 3149 585 3255 measraus
603 3150 743 3229 omnis:
774 3149 871 3227 nihil
886 3148 947 3255 sse
966 3177 1031 3228 nec
1046 3146 1169 3252 austes,

143 3262 231 3342 Nec
244 3261 383 3369 potuit.

144 3436 194 3516 In
221 3432 299 3517 hoe
331 3436 517 3546 exemplo
544 3437 731 3518 effessum
758 3438 813 3516 est
837 3435 957 3516 caedes
984 3437 1244 3516 Rutulorum.

77 3542 275 3631 Efficiens
296 3548 412 3655 hujus
429 3549 542 3629 caedis
564 3551 709 3657 Nysus.
772 3548 895 3656 Qiod
920 3567 1054 3628 autem
1077 3550 1126 3628 ad
1156 3578 1245 3629 mo·

77 3664 187 3743 dum
207 3664 347 3741 attinet
364 3662 576 3754 efficiendi,
595 3663 741 3755 effecit,
760 3682 803 3740 ut
823 3661 903 3769 ipse
919 3662 968 3740 de
989 3661 1025 3740 se
1042 3662 1111 3754 ait,
1128 3661 1243 3742 solus.

79 3770 304 3883 Dispositio
322 3794 457 3854 autem
473 3773 588 3880 hujus
609 3775 784 3884 exempli
803 3773 1036 3882 syllogistica
1055 3773 1123 3855 est.
1160 3775 1245 3886 Qi

81 3886 191 3967 solus
211 3890 347 3966 auctor
366 3887 421 3966 est
439 3887 568 3979 caedis,
590 3889 621 3967 is
639 3889 741 3967 solus
761 3887 816 3965 est
836 3886 1087 3965 occidendus.
1156 3889 1246 3994 Ego

81 3999 198 4092 verd,
239 4000 383 4107 inquit,
423 3999 523 4080 solus
560 4006 695 4080 auetor
723 3999 836 4079 caedis
865 3999 974 4092 sum;
1016 4025 1126 4106 ergo,
1167 4019 1245 4078 etc.

85 4110 310 4221 Propofitio
329 4111 459 4191 deest:
482 4112 690 4221 assumptio
708 4114 933 4191 continetur
950 4110 1059 4190 versu
1083 4136 1121 4189 2.
1150 4112 1247 4191 Mea

85 4220 209 4318 fraus,
230 4224 257 4303 i.
279 4254 310 4303 e.
332 4223 450 4332 culpa
470 4224 613 4316 omnis,
643 4254 765 4334 quam
786 4223 925 4332 probat
944 4225 1163 4304 remotione
1184 4224 1245 4302 so-

90 4337 157 4416 ciae
181 4335 317 4431 causae,
344 4335 446 4417 nihil
471 4336 541 4416 iste
569 4364 640 4416 nee
665 4338 777 4417 ausus
804 4337 874 4430 est,
905 4355 976 4417 etc.
1038 4335 1249 4416 Conclusio
