2956 4980
156 257 240 340 434
435 211 728 312 Prolusrones
754 211 994 308 Oratoriae.

158 392 425 501 terruptione:
459 391 677 483 Postrem0,
694 389 800 497 quod
818 415 895 467 non
916 413 966 465 ex
985 383 1144 464 defectu
1160 380 1307 492 proprii

160 502 320 611 subjecti
339 505 381 583 in
401 501 572 583 nihilum
593 501 732 582 recidit
746 500 940 609 quantitas
955 493 1108 606 aliaque
1129 495 1170 574 id
1187 519 1308 602 genus

160 616 391 710 accidentia,
422 615 607 724 probatur
638 615 730 722 quia
757 611 972 717 subjectum
1000 608 1231 718 quantitatis
1258 604 1310 683 est

163 746 230 807 aut
249 728 527 838 compositum,
544 746 611 806 aut
630 724 771 818 forma,
785 723 1050 813 autmateria;
1070 719 1177 828 quod
1199 743 1310 798 com·

163 839 334 949 positum
355 868 432 920 non
453 840 511 933 s1t,
525 868 576 918 ex
595 866 643 918 eo
662 837 801 944 liquet,
817 834 923 943 quod
940 833 1117 914 accidens
1133 830 1244 940 quod
1259 829 1312 907 est

165 954 204 1029 in
226 952 442 1060 compofito
462 952 619 1058 attingit
643 949 756 1029 srmul
783 948 848 1027 sud
870 948 1015 1026 unione
1042 963 1082 1024 et
1105 943 1312 1023 materiam

165 1081 205 1141 et
225 1062 394 1143 sormam
415 1090 484 1171 per
504 1063 670 1142 modum
691 1060 821 1153 unius,
848 1077 888 1137 at
907 1087 999 1138 vero
1018 1058 1215 1165 quantitas
1236 1079 1314 1133 non

164 1175 291 1283 potest
309 1175 392 1270 ullo
411 1175 531 1254 modo
549 1175 741 1280 attingere
760 1172 935 1252 animam
954 1168 1200 1260 rationalem,
1217 1166 1315 1244 dum

167 1284 248 1366 haec
265 1286 473 1395 spiritualis
488 1286 546 1378 s1t,
563 1304 602 1365 et
615 1284 776 1364 effectus
792 1281 968 1362 formalis
983 1281 1226 1392 quantitatis,
1240 1276 1316 1357 hoc

167 1399 223 1477 est
250 1399 487 1478 extentionis
515 1398 780 1505 quantitativae
798 1395 980 1499 [minime
1009 1421 1158 1503 capax;
1198 1416 1318 1499 porro

168 1510 275 1617 quod
291 1509 420 1589 forma
439 1537 517 1588 non
537 1509 582 1589 fit
595 1509 810 1614 subjedtum
829 1507 926 1612 ejus,
942 1534 993 1585 ex
1009 1504 1238 1615 supradidtis
1258 1501 1315 1580 sa·

170 1623 217 1700 tis
237 1621 293 1700 est
313 1622 588 1730 perspicuum:
621 1621 734 1700 restat
764 1620 885 1727 igitur
917 1637 961 1698 ut
986 1618 1148 1697 materia
1171 1614 1252 1693 sola
1275 1613 1320 1692 fit

170 1732 386 1837 subjectum
406 1735 648 1842 quantitatis,
669 1751 786 1840 atque
805 1733 859 1810 ita
875 1727 1237 1839 praecidituromnis
1257 1725 1320 1803 in·

172 1848 307 1923 teritus
339 1845 464 1925 illatio
491 1846 532 1923 in
559 1845 787 1953 quantitate.
847 1842 966 1953 Qod
999 1841 1168 1950 pertinet
1194 1838 1246 1917 ad
1279 1837 1320 1917 id

171 1954 278 2062 quod
299 1956 419 2062 vulgo
438 1956 600 2036 affertur
618 1958 666 2035 de
682 1957 877 2049 cicatrice,
893 1972 1173 2060 argumentum
1189 1950 1323 2029 effica-

171 2067 369 2146 ciffirnum
394 2067 468 2146 effe
493 2067 652 2161 censeo;
684 2069 772 2175 quis
798 2068 907 2146 enim
937 2063 1040 2144 mihi
1070 2065 1192 2144 fidem
1223 2063 1322 2143 adeo

172 2196 420 2287 extorqueat,
441 2198 485 2258 ut
503 2179 661 2258 credam
680 2206 769 2258 eam
788 2180 830 2258 in
849 2179 1034 2258 cadavere
1055 2179 1170 2287 plane
1189 2176 1322 2256 diver-

174 2290 254 2370 sam
273 2292 348 2371 effe
367 2290 415 2370 ab
430 2320 474 2371 ea
490 2319 576 2399 qua
590 2291 667 2371 fuit
683 2293 908 2399 nuperrime
924 2290 965 2369 in
981 2292 1085 2382 vivo,
1101 2318 1196 2369 cum
1211 2288 1322 2368 nulla

174 2403 292 2482 subfit
311 2404 424 2496 ratio,
444 2405 551 2483 nulla
572 2404 768 2484 neceffitas
791 2402 1013 2510 corrigendi
1040 2400 1165 2481 sensus
1189 2402 1325 2495 nostri,

173 2517 245 2621 qui
263 2543 348 2595 raro
368 2517 531 2623 quidem
553 2514 814 2596 hallucinatur
837 2518 939 2594 circa
965 2514 1171 2623 proprium
1191 2514 1325 2620 objec-

176 2646 287 2719 tum;
321 2627 511 2734 citiusque
538 2656 614 2734 ego
642 2646 682 2706 et
712 2626 864 2708 facilius
891 2626 1069 2706 audirem
1099 2626 1148 2705 de
1171 2628 1325 2720 Larvis,

176 2739 303 2846 deque
322 2740 504 2846 Empufis
525 2742 624 2819 mira
647 2759 1042 2831 commemorantem,
1070 2765 1192 2845 quam
1215 2767 1325 2818 cere·

176 2849 305 2930 brosos
326 2849 440 2930 hosce
462 2850 794 2959 Philosophastros
814 2853 862 2930 de
882 2851 1146 2931 accidentibus
1175 2849 1252 2930 suis
1278 2851 1326 2930 de

179 2990 280 3042 novo
300 2965 511 3071 procreatis
531 2963 644 3043 stulte
665 2988 704 3042 et
717 2963 892 3043 insubide
904 2963 1198 3070 obgannientes.
1231 2966 1328 3043 Ete-

179 3074 263 3152 nim
284 3074 470 3168 calorem,
491 3075 719 3183 caeterasque
741 3074 920 3155 animalis
943 3077 1147 3182 qualitates
1168 3075 1329 3154 intenfi-

179 3185 276 3265 biles
289 3205 328 3267 et
341 3187 583 3267 remiffibiles
595 3188 748 3267 easdem
761 3187 914 3296 prorsus
924 3188 1177 3295 pernovimus
1192 3188 1233 3265 in
1247 3187 1330 3295 ipso

180 3301 318 3378 mortis
330 3300 556 3393 articulo,et
562 3299 649 3408 post
660 3320 830 3379 mortem
846 3301 1002 3393 itidem;
1017 3299 1204 3408 quorsum
1221 3301 1331 3378 enim

182 3410 468 3491 destruerentur
489 3410 561 3503 hae,
578 3440 672 3491 cum
688 3412 771 3491 alia
789 3412 931 3492 fimiles
952 3410 1024 3490 sint
1042 3412 1332 3520 producendae?

183 3519 261 3600 huc
281 3522 445 3615 accedit,
466 3524 573 3631 quod
594 3523 621 3602 fi
642 3525 689 3602 de
710 3552 811 3603 novo
830 3543 1138 3633 procrearentur,
1158 3522 1208 3601 ad
1228 3541 1332 3602 tem·

182 3660 254 3741 pus
268 3660 346 3710 non
358 3633 455 3711 adeo
469 3635 662 3740 exiguum
678 3638 875 3729 durarent,
896 3663 1023 3742 neque
1037 3636 1156 3714 etiam
1170 3657 1332 3743 repente

183 3745 230 3826 ad
270 3743 470 3824 summum
508 3747 758 3853 pervenirent
791 3747 1014 3828 intenfionis
1052 3747 1235 3853 gradum,
1271 3747 1334 3827 sed

183 3858 373 3967 paulatim
387 3877 433 3937 et
451 3857 557 3966 quasr
577 3858 834 3966 pedetentim.
893 3859 1009 3938 Adde
1029 3859 1137 3967 quod
1156 3859 1335 3939 vetustis-

185 3970 327 4049 simum
354 3970 399 4049 fit
421 3971 593 4064 axioma,
625 3974 885 4079 quantitatem
913 3971 1021 4079 sequi
1047 3973 1270 4064 materiam,
1296 3990 1336 4050 et

184 4081 413 4189 qualitatem
435 4080 619 4161 formam.
681 4084 797 4163 Potui
817 4083 994 4191 quidem,
1008 4084 1134 4163 immo
1149 4111 1194 4162 ac
1214 4083 1335 4163 debui

186 4191 280 4273 huic
301 4195 356 4272 rei
376 4194 523 4273 diutius
544 4196 760 4288 immorari,
786 4222 830 4274 ac
852 4194 1027 4302 profesto
1047 4195 1175 4275 nescio
1194 4224 1244 4274 an
1265 4224 1336 4275 vo-

186 4304 259 4399 bis,
296 4302 483 4384 mihimet
515 4325 619 4384 certe
656 4306 734 4414 ipse
769 4307 1041 4415 maximopere
1081 4308 1166 4387 sum
1206 4308 1335 4387 taedio.

186 4415 366 4526 Superest
380 4437 422 4495 ut
434 4416 520 4522 jam
539 4420 587 4497 ad
608 4418 912 4497 adversariorum
933 4439 1163 4527 argumenta
1178 4418 1339 4499 descen-
