2956 4980
159 242 238 324 228
406 232 569 328 Literae
595 234 789 326 Senatus
813 226 1084 362 Anglicani.

159 402 383 485 consultum
404 407 654 515 Deputatum
666 423 707 485 et
720 403 999 484 Consiliarium
1016 403 1193 483 vestrum
1211 426 1310 478 acce·

161 516 245 623 pit:
276 519 403 626 quiet
422 516 546 599 fausta
564 519 699 598 omnia
719 517 967 596 Parlamento
987 517 1123 625 reique
1142 510 1310 619 Anglicae

161 628 286 709 vestro
306 631 466 711 nomine
488 649 667 740 precatus
686 628 757 722 est,
782 646 823 708 et
844 628 960 734 hujus
984 625 1159 736 Reipub.
1180 624 1310 704 amici-

164 741 261 820 tiam
277 761 321 821 ut
337 742 446 823 vobis
466 742 563 823 sarta
583 746 684 822 tecta
703 759 950 850 permaneret
964 739 1079 820 fimul
1098 737 1311 848 expetivit:

163 851 292 934 literas
309 856 430 934 etiarn
450 853 564 935 liberi
578 871 840 947 commeatur,
856 853 1000 961 quibus
1014 851 1145 932 vestrae
1159 850 1310 929 ditionis

164 966 334 1074 populus
350 965 397 1045 ed
411 963 532 1046 tutius
547 967 827 1073 negotiaretur,
842 966 1054 1073 navigaret,
1070 983 1111 1043 et
1121 989 1310 1042 commer-

164 1077 225 1156 cia
244 1097 458 1170 exerceret,
476 1105 548 1158 nec
566 1105 643 1159 non
664 1097 704 1157 et
723 1077 850 1157 nostra
864 1078 913 1156 ad
931 1077 1110 1186 publicos
1129 1073 1224 1157 foris
1244 1072 1310 1152 mi-

165 1187 303 1268 nistros
322 1190 505 1270 mandata
525 1193 583 1270 uti
599 1189 870 1296 Amplitudini
884 1189 1015 1269 vestrae
1032 1185 1224 1295 rebusque
1239 1183 1310 1265 ves·

167 1300 250 1392 tris,
271 1299 346 1381 suis
365 1301 504 1383 officiis
528 1321 645 1410 atque
668 1301 836 1381 confiliis
856 1300 1155 1409 opitularentur,
1175 1298 1282 1381 idem
1299 1293 1310 1374 i

166 1411 277 1492 nobis
296 1412 451 1521 petivit.
500 1416 589 1494 Nos
601 1434 642 1493 et
654 1415 786 1522 petitis
798 1411 903 1492 hisce
917 1412 1084 1493 libenter
1094 1411 1310 1500 annuimus,

166 1543 207 1602 et
231 1520 326 1605 clim
351 1526 585 1619 amicitiam,
607 1529 695 1605 tirm
722 1525 844 1604 etiam
862 1524 991 1605 literas
1011 1523 1094 1603 illas
1114 1522 1310 1630 expetitas,

167 1635 312 1743 illaque
332 1638 379 1716 ad
400 1638 595 1718 ministros
614 1636 792 1746 publicos
807 1635 990 1718 mandata
1000 1634 1070 1714 sub
1083 1635 1310 1715 Parlament

165 1747 292 1853 figillo
308 1749 576 1829 concessimus.
636 1751 691 1829 Et
705 1776 933 1857 quanquam
948 1749 1099 1856 aliquot
1106 1746 1194 1856 jam
1210 1770 1310 1825 men

166 1857 221 1939 ses
240 1858 435 1953 abierunt,
455 1888 506 1940 ex
525 1890 605 1970 quo
625 1859 765 1940 Vester
786 1860 972 1941 Publicus
987 1859 1173 1940 Minister
1189 1859 1239 1938 ad
1255 1884 1310 1937 not

167 1971 346 2077 primum
365 1972 531 2066 acceffit,
557 2001 603 2053 ea
627 1993 759 2054 tamen
783 1971 920 2052 dilatio
945 2000 1074 2079 neque
1097 1998 1147 2050 ex
1171 1998 1221 2049 eo
1241 1988 1310 2051 orn

166 2081 235 2175 est,
261 2110 341 2190 quo
368 2109 437 2163 nos
465 2086 663 2192 petitioni,
689 2084 978 2192 Amplitudinis
997 2082 1145 2163 Vestra
1163 2081 1310 2162 nomint

169 2192 291 2288 facta,
311 2193 480 2275 affentiri
499 2222 750 2303 gravaremur
772 2224 901 2305 neque
924 2223 1005 2304 quo
1024 2193 1163 2274 Vester
1183 2195 1310 2302 Depu·

170 2323 270 2386 tatus
283 2334 353 2387 nos
369 2305 512 2388 affidue
526 2307 731 2389 sollicitare
747 2309 829 2388 ullo
843 2326 1020 2417 tempore
1036 2305 1226 2387 destiterit
1241 2305 1310 2413 (qu

168 2437 275 2498 certe
291 2421 402 2499 omni
416 2447 510 2499 cum
529 2420 749 2527 diligentia,
766 2447 838 2500 nec
854 2447 933 2500 non
947 2417 1118 2501 officiosa
1133 2417 1250 2498 fimul
1265 2419 1310 2496 in·

168 2529 318 2624 stantia,
333 2551 378 2611 ut
393 2530 573 2613 confedto
590 2533 764 2639 negotio,
776 2559 939 2641 compos
952 2531 1034 2612 voti
1048 2531 1310 2610 dimitteretur

169 2641 347 2747 quotidie
368 2670 437 2722 nos
457 2642 705 2752 efflagitavit)
726 2640 867 2723 verum
886 2672 937 2724 ex
956 2672 1003 2724 eo
1024 2639 1151 2723 solirm
1170 2641 1310 2722 accidit

170 2750 279 2858 qudd
293 2755 470 2835 maxima
488 2756 652 2864 quidem
671 2774 712 2836 et
724 2756 945 2862 graviffima
965 2754 1139 2864 Reipub.
1155 2755 1310 2862 negotia

171 2891 333 2973 quaeque
357 2867 406 2945 ad
431 2894 518 2947 eam
538 2865 793 2948 vehementer
813 2870 1024 2978 pertinere,
1045 2885 1114 2947 aut
1133 2868 1309 2974 agitaren

173 2994 236 3055 tur
262 3006 332 3086 per
355 2976 432 3058 hoc
458 2998 587 3059 totum
614 2978 695 3060 fere
723 2998 893 3089 tempus,
920 2998 988 3060 aut
1014 2979 1310 3085 tranfigerentur

174 3093 267 3199 Qa
286 3090 334 3169 de
354 3119 395 3170 re
411 3089 646 3199 dignitatem
659 3091 825 3172 vestram
841 3090 1030 3172 Illustriff.
1047 3087 1310 3172 certioremfa

172 3202 353 3281 ciendam
377 3202 451 3281 elle
476 3203 713 3296 censuimus,
734 3222 779 3284 ut
802 3231 851 3282 ne
870 3206 958 3311 quis
978 3202 1211 3284 dilationem
1230 3202 1310 3282 han

173 3306 280 3391 seclis
307 3313 611 3423 interpretando,
635 3317 827 3422 gravatim
854 3335 921 3396 aut
947 3313 1047 3424 aegre
1073 3317 1310 3424 impetraturi

173 3421 250 3502 hoc
263 3423 337 3502 elle
351 3426 562 3524 existimet,
577 3427 685 3536 quod
698 3422 721 3504 ὲ
734 3427 983 3508 Parlamento
996 3428 1070 3507 Rei
1074 3425 1310 3535 pub.Anglti

173 3532 423 3616 libentissime
435 3539 656 3618 concessum
673 3537 741 3617 est.
794 3538 918 3645 Cujus
932 3540 1093 3619 nomine
1105 3538 1309 3646 contignat

174 3642 389 3751 haecjuffus
410 3649 477 3728 est.

494 3761 695 3841 Henricus
715 3760 886 3854 Scobell,
910 3761 1079 3841 Clericus
1100 3761 1277 3842 Parlam.
