2956 4980
401 241 566 336 Literae
592 246 785 338 Senatus
812 241 1080 374 Anglicani
1236 288 1309 370 231

158 389 298 581 imma
317 415 412 468 cum
428 391 649 472 amicorum
664 387 750 471 tum
772 392 938 473 fratrum
952 396 1082 476 officia
1103 398 1315 506 promptis-

175 529 250 581 rmr

187 612 313 694 Datis
333 615 402 692 W
384 613 638 722 stmonasterro
657 614 714 695 die
732 615 902 696 octobris
921 621 1002 697 An.
1025 621 1138 700 Dom.
1168 621 1213 699 16
1219 647 1285 727 53

345 724 575 835 Subscripfit
594 747 634 807 et
653 728 892 808 Parlamenti
912 731 1128 837 Sigillum
1118 734 1258 841 rmpri-

614 840 804 919 mendum
826 844 976 921 curavit

410 951 632 1032 Prolocutor
653 953 893 1033 Parlamenti
907 953 1064 1062 Reipub.
1088 955 1213 1060 Angl
1196 985 1254 1035 rae.

501 1438 502 1441 Ἴ
549 1349 694 1457 Legata
714 1348 928 1459 Hispanico.

247 1524 507 1606 Illustriffime
526 1526 730 1618 Domine;

258 1651 345 1728 Um
364 1675 499 1756 graves
519 1648 568 1728 ad
588 1675 657 1729 nos
677 1649 800 1728 allatae
816 1647 936 1727 effent
959 1649 1126 1756 querelae
1146 1649 1319 1760 Philippi

286 1762 425 1855 Noelli,
438 1760 603 1869 Joannis
617 1760 777 1853 Goddli,
791 1779 829 1838 et
842 1760 1032 1840 societatis
1051 1781 1315 1842 mercatorum

160 1871 203 1951 in
217 1873 369 1981 Anglia
388 1873 609 1981 Foyensturrr‚
632 1875 791 1954 Navem
813 1873 1011 1979 quandam
1031 1871 1138 1952 suam
1162 1877 1315 1955 Annam

163 1985 354 2094 Foyerrsem
374 1985 536 2078 dieram,
558 2012 698 2065 navem
717 1985 920 2091 Anglicam
942 1981 1053 2063 isese
1073 1986 1314 2081 instructam,

161 2095 237 2177 suis
252 2097 449 2179 mercibus
468 2096 661 2189 onustam,
678 2125 772 2176 cum
786 2097 952 2176 domum
969 2095 1076 2176 suam
1092 2098 1139 2176 ad
1155 2118 1314 2205 portum

163 2209 368 2319 Foyensem,
402 2208 560 2290 cursum
596 2228 744 2289 teneret
774 2209 877 2288 circa
916 2209 1078 2289 Festum
1112 2211 1315 2291 Michaelis

161 2321 411 2429 Archangeli,
432 2319 564 2400 inave
585 2322 755 2429 quadam
773 2320 1000 2429 praefidiaria
1019 2320 1237 2429 Ostendenst,
1249 2326 1315 2403 cui

161 2431 319 2540 praefuit
345 2433 524 2538 Erasmus
548 2435 733 2526 Bruerus,
761 2431 980 2540 oppressam
1007 2432 1145 2537 injuste
1170 2452 1210 2513 et
1236 2435 1313 2514 fine

162 2544 274 2625 causa
287 2564 445 2655 captam
472 2543 599 2639 fuisse,
625 2547 744 2653 inque
767 2572 812 2623 ea
833 2563 967 2624 nautas
987 2544 1150 2653 indigne
1169 2565 1209 2626 et
1227 2546 1314 2628 bar-

163 2655 253 2737 bare
274 2661 470 2750 traCtatOS,
492 2657 711 2736 confilium
732 2658 859 2736 Status
880 2684 925 2735 ea
939 2657 987 2736 de
1008 2685 1048 2736 re
1068 2658 1117 2736 ad
1134 2659 1313 2739 Marcii-

162 2797 260 2849 onem
295 2768 411 2849 Ledae
445 2768 606 2876 scripfit‚
648 2769 834 2877 (quarum
873 2770 1075 2848 literarum
1110 2771 1314 2880 exemplar

163 2881 434 2990 Amplitudini
453 2880 585 2961 vestrae
604 2878 682 2959 una
700 2908 794 2960 cum
815 2878 876 2960 his
893 2880 1107 2985 mittimus)
1128 2886 1312 2991 expecta-

162 2991 306 3101 batque
327 2993 375 3073 ab
394 3021 442 3072 eo
463 2992 540 3073 fine
560 3019 670 3072 mora
691 2994 955 3072 mandatum
945 2995 993 3071 rri
1017 3011 1061 3071 ut
1084 3020 1134 3071 ex
1155 2993 1245 3097 jure
1273 3015 1313 3075 et

162 3131 274 3214 aequo
292 3105 414 3184 istam
428 3133 468 3185 re
483 3132 605 3213 quam
625 3106 803 3243 primum
815 3124 1006 3212 ageretur.
1044 3100 1197 3183 Verirtn
1217 3134 1312 3186 cum

163 3214 293 3297 denua
311 3218 517 3326 praedictus
539 3218 692 3296 Noe'llus
712 3245 901 3297 unacum
925 3218 992 3297 illa
1018 3215 1197 3297 societate
1221 3246 1311 3327 gra-

161 3328 262 3408 riter
280 3349 481 3438 queratur,
501 3331 681 3437 quamvis
698 3330 816 3409 literae
837 3329 970 3409 nostrae
986 3327 1207 3410 Marchioni
1222 3331 1311 3410 red-

162 3441 251 3520 ditae
281 3440 442 3535 fuerint,
478 3460 518 3522 et
552 3461 786 3521 mercatores
814 3441 873 3519 illi
905 3441 953 3521 ab
988 3469 1035 3520 eo
1067 3460 1245 3551 tempore
1275 3446 1311 3523 se

163 3555 320 3663 Brugas
342 3553 390 3633 ad
417 3551 705 3634 maritimarum
730 3552 933 3633 causarum
956 3553 1108 3633 curiam
1133 3557 1311 3635 contule-

162 3666 255 3760 rint,
277 3665 441 3774 ibique
424 3693 491 3773 jus
507 3665 621 3745 suum
644 3664 795 3772 suaeque
814 3664 933 3745 causae
947 3666 1151 3745 veritatem
1168 3667 1310 3776 proba-

160 3779 289 3858 verint
289 3776 511 3884 ,justitiam
532 3797 663 3857 tamen
684 3779 754 3856 fibi
774 3777 972 3884 denegari,
994 3796 1153 3883 tamque
1176 3779 1311 3887 inique

161 3889 293 3970 secum
291 3891 378 4020 ‘agi
396 3907 441 3970 ut
460 3892 641 3998 quamvis
662 3917 731 3996 per
751 3908 825 3969 tres
845 3886 1015 3998 amplius
1041 3888 1191 3971 menses
1214 3918 1311 3999 cog-

159 4003 303 4082 nitioni
322 4021 475 4083 matura
490 4030 550 4083 res
565 4000 699 4095 fuerit,
717 4016 848 4082 tamen
865 4002 913 4081 ab
927 4003 993 4080 illa
1009 4002 1117 4080 curia
1131 4001 1192 4081 se
1181 4030 1310 4111 unpe-

160 4133 262 4194 trare
293 4141 372 4195 non
402 4113 507 4224 poffe
540 4134 582 4194 ut
614 4113 844 4194 sententiam
870 4115 1029 4193 tandem
1059 4113 1183 4209 ferat3
1214 4116 1312 4222 quin

160 4226 268 4306 navis
287 4253 427 4308 eorum
446 4245 486 4307 et
504 4225 606 4305 bona
627 4223 754 4306 nihilo
773 4228 904 4306 minus
924 4229 1178 4320 retineantur,
1194 4226 1311 4334 seque

159 4365 231 4448 per
261 4334 364 4419 hanc
393 4366 545 4419 moram
575 4339 614 4417 in
647 4338 948 4447 persequendo
932 4366 1021 4445 Jure
1054 4337 1120 4418 suo
1148 4364 1311 4445 magnos
1398 4385 1401 4390 Δ

158 4449 338 4560 sumptus
363 4449 505 4532 feciffe.
569 4451 701 4530 Non
693 4471 844 4558 rgnorat
870 4448 1087 4560 Amplitudo
1115 4449 1244 4558 Vestra
1272 4471 1312 4532 et
