2956 4980
157 230 236 310 226
390 212 554 312 Literae
581 221 774 311 Senatus
801 208 1074 344 Anglicani.

159 386 250 467 dato
281 388 337 466 est
368 390 489 495 gesta,
523 389 576 469 ita
606 386 683 469 hoc
712 387 835 468 etiam
865 385 915 466 ab
946 385 1013 465 sua
1034 384 1239 465 voluntate
1266 412 1303 465 ac

160 519 293 579 mente
317 499 538 608 longiffime
558 500 682 580 abesse
708 518 753 580 ut
774 498 976 580 Cellitudo
996 497 1126 579 vestra
1151 496 1262 576 ullo
1251 524 1300 575 rn-

160 611 373 692 commodo
390 634 457 694 aut
476 612 665 692 honoris
655 611 934 692 rmminutione
950 638 1001 690 ex
1017 610 1090 690 illo
1106 607 1212 690 fastu
1229 608 1298 687 affi-

160 723 311 803 ciatur:
343 726 440 833 quin
479 724 563 804 imo
602 724 639 804 se
678 751 840 853 operam
877 722 1078 817 daturum,
1122 739 1169 801 ut
1205 720 1297 800 vobis

161 833 420 916 satisfaciendi
439 838 570 946 aliqua
583 838 680 916 ratio
698 838 865 928 ineatur,
882 853 1001 944 prout
1019 833 1093 914 fibi
1105 833 1296 969 quastione

163 943 295 1028 habita
315 948 363 1027 de
383 978 424 1028 re
446 951 527 1029 tota
543 948 784 1029 constiterit·
815 975 938 1055 quam
956 964 1002 1027 ut
1021 941 1179 1056 plenius
1199 943 1294 1025 intel-

113 1081 117 1087 ’
163 1057 285 1165 ligere
311 1060 439 1169 poffit,
472 1060 601 1170 ipsum
629 1057 888 1141 Navarchum
920 1059 1173 1188 Appletonum
1201 1054 1293 1137 absc

164 1171 291 1249 audiri
317 1172 571 1253 necessarium
597 1172 670 1252 esse
693 1171 870 1279 judicat3
900 1172 972 1279 qui
999 1188 1041 1250 et
1067 1170 1207 1249 eadem
1235 1167 1294 1249 fide

164 1281 473 1377 obstristuserat,
490 1303 530 1364 et
549 1284 598 1364 ab
611 1283 857 1365 Excellentia
872 1282 995 1363 vestra
1013 1281 1189 1362 creditur
1189 1309 1267 1388 ,eJu
1237 1279 1294 1361 u·s

164 1392 256 1474 dem
288 1397 490 1477 violationi
522 1395 658 1476 saltem
681 1393 886 1489 affenfiffe3
917 1393 1131 1504 prasertim
1159 1393 1294 1474 cumis

165 1523 248 1584 tam
263 1506 372 1586 brevi
388 1509 432 1587 fit
447 1508 496 1588 ad
511 1536 581 1588 nos
597 1507 829 1600 reversurus,
842 1525 959 1615 atque
974 1506 1091 1585 illum
1107 1507 1295 1616 postquam

167 1619 460 1699 Parlamentum
477 1620 683 1712 audiverit,
704 1638 744 1700 et
762 1646 855 1700 cum
874 1619 980 1699 dieto
1001 1620 1171 1697 Oratore
1190 1617 1295 1698 vestro

166 1732 333 1811 rationes
359 1733 527 1840 amplius
551 1731 777 1825 contulerit,
803 1729 878 1810 hac
900 1730 949 1809 de
976 1758 1017 1810 re
1042 1729 1151 1810 haud
1179 1728 1296 1837 exigui

166 1839 253 1919 sane
268 1845 462 1923 momenti
475 1871 563 1923 earn
577 1844 809 1924 sententiam
822 1841 936 1936 feret,
951 1861 1212 1951 quaeetaequa
1225 1841 1297 1931 erit.

165 1951 404 2062 summaque
430 1955 708 2036 benevolentiae
733 1984 812 2064 qua
840 1954 1126 2035 Cellitudinem
1151 1954 1298 2034 vestran

166 2064 414 2172 prosequitur
439 2068 708 2160 consentanea,
735 2067 887 2146 collatis
913 2063 1119 2174 denique
1104 2094 1128 2145 a
1146 2065 1275 2147 vobis
1267 2090 1298 2143 ru

167 2175 203 2254 se
223 2177 421 2258 beneficiis
442 2177 545 2259 haud
566 2180 740 2287 indigna.
801 2180 866 2258 De
886 2205 964 2286 qua
984 2204 1032 2256 ne
1058 2180 1219 2259 interim
1238 2179 1298 2258 du·

167 2287 307 2369 bitaret
328 2291 529 2371 Celfitudo
548 2292 672 2371 vestra
694 2291 817 2370 literis
841 2316 910 2400 per
933 2290 1105 2370 eundem
1131 2290 1236 2370 hunc
1254 2309 1299 2369 ta

168 2399 375 2482 hellarium
386 2404 516 2482 statim
526 2400 1297 2510 miffiscertioremfaftamprimoquoque

167 2531 345 2621 tempore
366 2515 542 2609 volebat;
565 2514 680 2624 seque
700 2514 851 2594 nullam
870 2513 1113 2595 occafionem
1129 2515 1204 2594 effe
1220 2540 1297 2622 pra·

170 2625 449 2719 termissurum,
471 2655 548 2734 qua
568 2627 681 2736 poffit
701 2655 741 2706 re
768 2628 851 2736 ipsa
831 2625 1014 2719 testari,
1034 2626 1201 2707 vestram
1218 2623 1299 2705 ami·

170 2737 305 2816 citiam
323 2740 461 2846 quanti
481 2737 612 2818 faciat.

254 2850 373 2930 Datis
395 2853 452 2929 W
445 2849 701 2958 estmonasterro
725 2875 774 2951 14
793 2848 850 2929 die
869 2846 1087 2930 Decembris

469 2966 549 3042 An.
572 2965 685 3043 Dom.
710 2963 830 3067 1652.

348 3073 576 3183 Subscripsit
596 3095 635 3154 et
656 3073 895 3152 Parlamenti
915 3071 1100 3179 Sigillum
1120 3073 1261 3184 impri-

656 3185 850 3264 mendum
867 3186 1017 3264 curavit

478 3298 698 3378 Prolocutor
719 3297 958 3378 Parlamenti
973 3294 1129 3404 Retpub.
1150 3296 1325 3405 Anglia‘

170 3685 372 3765 Concilium
393 3686 524 3764 Status
546 3687 653 3795 Reip.
669 3686 896 3793 Anglicanae
910 3684 1127 3790 Serenffmo
1146 3683 1335 3791 Principi

225 3799 258 3875 F
261 3799 434 3877 rederico
451 3797 612 3878 Haeredi
624 3799 854 3905 Norwegiae,
872 3797 981 3899 Daci
999 3795 1167 3903 Slcfuici,
1182 3796 1335 3901 Hoffizae

223 3910 302 4002 tiae,
333 3910 568 4003 Starmatiae,
594 3910 829 4015 Ditmarstae,
852 3909 990 3990 Comti‘i
1012 3908 1050 3987 in
1077 3905 1328 4014 oldenburgtr

223 4038 260 4098 et
280 4022 363 4100 Del
345 4023 547 4130 lmenhorst,
569 4022 759 4102 Salutem.

168 4192 578 4415 QUanquamp
515 4201 578 4311 sap
582 4202 791 4280 ientiffimo
827 4201 918 4279 Deo
943 4197 1070 4278 visum
1098 4195 1155 4276 est
1186 4222 1322 4277 rerum

295 4339 476 4390 omnium
503 4313 750 4393 Moderatori
769 4311 1085 4403 clementissimo,
1111 4328 1251 4418 praeter
1271 4306 1321 4386 il-

163 4418 232 4500 lud
251 4448 349 4504 onus
364 4424 471 4532 quod
488 4425 601 4505 nobis
613 4454 706 4505 cunr
725 4425 936 4533 majoribus
954 4423 1320 4523 nostriscommune
