2956 4980
358 227 651 329 Prolusiones
677 238 917 333 Oratoriae.
1133 284 1160 360 4
1166 284 1217 364 59

64 409 305 516 conglobata
337 409 377 487 in
407 407 444 487 se
472 436 584 488 mens
609 409 737 489 nostra
767 411 987 493 incredibili
1018 416 1223 525 voluptate

65 521 357 600 immortalium
383 522 565 600 Deorum
596 549 723 601 aevum
755 523 947 618 imitatur,
971 553 1057 631 quae
1089 547 1223 609 tamen

65 633 147 711 fine
166 650 248 711 arte
271 651 352 712 tota
371 629 605 738 infrugifera
618 632 674 711 est
692 652 732 712 et
751 633 978 737 injucunda,
993 641 1078 717 imo
1098 640 1224 720 nulla.

67 744 173 853 Qis
201 744 311 822 enim
341 772 474 822 rerum
503 740 767 824 humanarum
797 747 1099 857 divinarumque
1129 746 1223 843 itta,

66 856 217 936 intueri
242 857 362 963 digne
389 855 504 963 possit
530 874 598 934 aut
623 856 877 951 considerare,
900 886 1070 966 quarum
1098 860 1228 942 ferme

68 964 175 1047 nihil
194 967 299 1046 nosse
319 986 452 1075 queat,
469 967 539 1045 nisi
560 968 741 1047 animum
761 997 831 1075 per
850 988 974 1050 artem
994 991 1034 1051 et
1054 972 1230 1083 discipli-

70 1108 167 1159 nam
187 1079 390 1160 imbutum
409 1098 448 1156 et
467 1079 673 1159 excultum
701 1077 907 1176 habuerit;
938 1083 991 1163 ita
1015 1085 1171 1192 prorsus
1191 1087 1230 1164 ei

69 1193 139 1272 cui
158 1192 275 1271 Artes
292 1189 443 1282 desunt,
466 1189 695 1270 interclusus
723 1191 796 1270 esse
816 1193 972 1272 videtur
998 1198 1128 1276 omnis
1144 1197 1230 1276 adi·

72 1323 136 1384 tus
156 1304 205 1382 ad
225 1304 349 1381 vitam
368 1302 549 1381 beatam:
582 1302 705 1410 ipsam
734 1302 835 1383 hanc
861 1307 1037 1385 animam
1066 1309 1151 1388 altae
1170 1306 1229 1386 sa-

72 1415 232 1525 pientiae
250 1441 438 1523 capacem
464 1432 504 1492 et
530 1442 653 1521 prope
674 1415 974 1524 inexplebilem,
995 1436 1063 1497 aut
1087 1417 1229 1501 frustra

74 1526 189 1606 nobis
211 1528 336 1619 Deus,
357 1525 484 1603 autin
506 1552 665 1632 poenam
684 1526 827 1605 dedisse
840 1529 1009 1623 videtur,
1023 1530 1094 1610 nifi
1115 1558 1229 1609 max-

73 1640 157 1718 ime
178 1636 357 1718 voluisset
378 1663 447 1715 nos
467 1638 514 1715 ad
538 1637 733 1717 excelsam
764 1666 898 1718 carum
931 1668 1063 1720 rerum
1087 1644 1227 1749 cogni-

76 1752 228 1829 tionem
247 1748 432 1828 sublimes
452 1748 563 1842 eniti,
584 1777 753 1857 quarum
782 1768 934 1830 tantum
960 1752 1140 1833 ardorem
1160 1781 1229 1832 na-

77 1862 166 1942 tuta
178 1860 496 1941 humanaementi
510 1859 707 1965 injecerat.
754 1862 1058 1971 Circumspicite
1071 1892 1231 1974 quaqua

76 1973 237 2084 potestis
257 1971 477 2054 universam
498 1968 598 2051 hanc
619 2000 751 2052 rerum
777 1971 938 2067 faciem,
960 1974 1071 2055 illam
1099 1976 1170 2055 fibi
1190 1979 1230 2056 in

78 2086 248 2192 gloriam
282 2085 381 2163 tanti
417 2084 547 2192 operis
585 2083 761 2164 summus
799 2086 959 2167 Artifex
998 2087 1229 2183 aedificavit;

79 2215 227 2305 quanto
246 2195 362 2276 altius
390 2194 471 2299 ejus
497 2197 692 2274 rationem
721 2197 928 2303 insignem,
948 2199 1150 2305 ingentem
1172 2199 1232 2278 fa-

80 2309 247 2401 bricam,
268 2309 498 2387 varietatem
518 2305 792 2386 admirabilem
813 2309 1108 2416 investigamus,
1121 2312 1233 2418 quod

81 2420 160 2499 fine
190 2437 271 2499 arte
298 2446 377 2498 non
403 2415 617 2526 possumuS,
651 2435 757 2497 tanto
789 2419 878 2528 plus
909 2417 1117 2501 authorem
1150 2421 1233 2527 ejus

81 2532 340 2611 admiratione
379 2528 506 2609 nostra
544 2529 803 2623 celebramus,
834 2548 874 2610 et
904 2533 1026 2610 veluti
1059 2533 1235 2641 quodam

82 2643 218 2751 plausu
240 2641 524 2750 persequimur,
536 2641 646 2748 quod
663 2641 721 2719 illi
738 2661 964 2750 pergratum
979 2642 1067 2738 esse,
1080 2664 1234 2724 certum

83 2783 129 2835 ac
155 2753 481 2863 persuasissimum
507 2750 735 2832 habeamus.
798 2755 968 2862 Ecquid,
1004 2757 1233 2850 Auditores,

84 2866 313 2975 putabimus
334 2883 439 2944 tanta
463 2864 643 2943 immensi
670 2862 821 2944 aetheris
849 2866 968 2974 spatia
993 2869 1142 2947 aeternis
1168 2896 1234 2947 ac-

83 2977 196 3056 censa
209 2997 327 3085 atque
346 2975 525 3055 distincta
546 2975 718 3083 ignibus,
733 2994 791 3056 tot
809 2975 992 3056 sustinere
1010 2979 1235 3058 concitatis-

86 3090 202 3170 simos
221 3109 365 3182 motus,
382 3106 485 3168 tanta
501 3087 610 3166 obire
630 3088 928 3168 conversionum
942 3089 1080 3169 itinera
1093 3090 1145 3169 ob
1158 3089 1236 3171 hoc

85 3229 212 3281 unum
231 3221 274 3282 ut
289 3201 490 3281 lucernam
511 3199 706 3308 ptaebeant
725 3200 876 3307 ignavis
897 3220 937 3279 et
952 3203 1084 3309 pronis
1100 3199 1235 3282 homi-

75 3313 223 3394 nibus?
239 3337 278 3393 et
289 3313 395 3420 quasi
404 3310 532 3391 facem
544 3310 749 3420 praeferant
762 3312 873 3392 nobis
886 3310 986 3391 infra
993 3314 1238 3424 torpentibus

86 3444 128 3504 et
139 3425 354 3504 desidiofis?
371 3422 472 3504 nihil
486 3424 602 3502 ineffe
615 3442 696 3502 tam
708 3423 923 3533 multiplici
936 3421 1138 3507 frut‘iuum
1150 3424 1240 3505 her-

87 3537 306 3644 barumque
323 3536 545 3644 proventui,
559 3554 815 3644 praeterquam
831 3535 1016 3644 fragilem
1032 3539 1241 3618 viriditatis

88 3649 303 3728 ornatum?
350 3645 572 3728 Profestofi
588 3664 669 3727 tam
690 3647 821 3754 injusti
841 3676 973 3728 rerum
992 3650 1241 3731 aestimatores

89 3763 252 3853 erimus,
274 3776 319 3838 ut
338 3757 439 3838 nihil
460 3758 562 3838 ultra
588 3758 752 3839 crassum
779 3759 905 3840 sensus
934 3764 1123 3843 intuitum
1151 3789 1242 3870 pet·

90 3869 314 3981 sequamur,
337 3898 413 3949 non
434 3870 555 3949 modo
576 3870 763 3950 serviliter
782 3890 822 3949 et
840 3871 1002 3975 abjecte,
1023 3871 1087 3952 sed
1107 3874 1243 3980 inique

90 4004 132 4063 et
151 3980 343 4064 malitiose
363 4010 459 4061 cum
478 3982 650 4087 benigno
670 3982 833 4061 numine
856 3982 973 4090 egisse
993 3985 1241 4080 videbimur3

91 4097 159 4175 cui
178 4124 249 4206 per
270 4095 451 4174 inertiam
472 4093 658 4187 nostram,
679 4113 718 4174 et
744 4094 850 4202 quali
878 4122 949 4203 per
976 4097 1165 4177 invidiam
1191 4097 1244 4175 ti-

93 4208 271 4288 tulorum
306 4233 449 4313 magna
482 4232 584 4316 pare,
610 4224 650 4284 et
685 4224 798 4285 tantae
830 4208 1015 4315 potentiae
1046 4212 1246 4289 veneratio

93 4322 250 4428 penitus
271 4317 489 4397 intercidet.
550 4318 591 4396 Si
611 4318 732 4424 igitur
757 4318 839 4397 dux
866 4338 906 4400 et
932 4318 1153 4400 inchoatrix
1172 4348 1245 4400 no-

93 4431 153 4511 bis
173 4433 221 4512 ad
242 4431 527 4511 beatitudinem
555 4429 600 4508 sit
627 4429 810 4524 eruditio,
832 4432 858 4510 fi
887 4433 1151 4541 potentissimo
1172 4461 1246 4514 nu·
