2956 4980
161 291 243 376 234
397 253 558 348 Literae
583 255 777 348 Senatus
803 248 1074 382 Anglicani.

160 426 276 533 hujus
297 425 542 534 Reipublicae
560 424 687 535 Μιβιι
701 426 901 507 audiendae
915 426 1031 507 causai
1045 427 1157 508 suam
1177 426 1218 506 in
1239 426 1312 505 do·

159 567 273 618 mum
304 534 466 647 posthac
492 538 588 618 velit
613 538 833 619 admittere.
893 541 948 619 Et
968 539 1312 648 quemadmodum

159 650 442 731 Parlamentum
461 649 670 757 diligenter
688 650 842 731 curabit
861 670 906 732 ut
924 653 1066 760 Legati
1082 651 1150 759 jus
1169 668 1212 731 et
1231 651 1332 760 pri—

157 762 301 870 vilegia
312 790 475 871 quaque
487 762 617 842 vestrae
632 762 885 844 Excellentiae
898 763 1085 845 inviolata
1096 763 1347 859 serventur.

159 876 213 954 ita
237 873 316 955 boc
340 872 410 954 sibi
435 872 760 982 persuasissimum
783 874 918 969 babet,
936 877 1209 957 Excellentrom
1226 873 1347 953 ves—

160 1006 275 1079 tram,
296 986 487 1093 quamdiu
503 984 570 1065 hlc
585 1006 868 1081 commoratur,
882 987 987 1095 leges
1002 985 1119 1095 hujus
1134 985 1296 1096 Reipub

159 1125 230 1206 per
250 1097 286 1177 se
306 1096 438 1177 suosve
458 1098 562 1178 nolle
582 1098 666 1179 ullo
685 1099 805 1179 modo'
824 1098 999 1180 violatas.

161 1486 407 1568 Summarium
422 1484 636 1566 damnorum
635 1485 873 1593 fingulorum
883 1502 920 1567 et
931 1484 1037 1567 haud
1033 1486 1220 1597 fitiorum
1231 1481 1347 1596 qur-'⁵

215 1600 283 1680 bus
316 1599 486 1678 Societas
516 1597 739 1705 Anglicana
770 1598 897 1678 multis
937 1597 1152 1680 Orientalis
1191 1597 1347 1678 Indiz

216 1710 328 1792 Locis
345 1708 371 1790 ὰ
392 1709 554 1816 Belgica
573 1709 765 1790 Societate
784 1708 924 1820 offitia
940 1711 1004 1821 ιβ.

165 1913 200 1965 1.
322 1882 535 1964 Amnailla
548 1882 718 1963 sedecim
729 1883 920 1965 Articulis
1076 1886 1105 1964 l.
1192 1915 1226 1964 s.
1274 1881 1347 1966 ae‘

340 1993 621 2104 comprehensa
632 1995 834 2105 etpridem
844 2024 917 2077 ex·

160 2105 300 2199 hibita,
320 2133 492 2214 quorum
511 2106 664 2187 summa
680 2107 737 2188 est
754 2106 833 2214 298
839 2133 861 2215 5
867 2135 890 2217 5
895 2135 917 2217 5

160 2219 361 2326 Regiorum
380 2232 508 2326 -g-quae
526 2219 581 2300 est
600 2220 916 2300 monetaenostrae
1000 2219 1138 2328 74638
1177 2243 1225 2325 15
1284 2238 1347 2294 ε

218 2357 256 2412 2.
289 2330 716 2412 DePularom'sInsulae
728 2331 919 2413 fructibus

160 2441 463 2523 satisfactionem
489 2444 573 2524 dari
596 2443 839 2552 postulamus
868 2444 917 2524 ab

162 2583 264 2636 anno
289 2557 409 2649 1622,
431 2555 479 2634 ad
504 2552 580 2636 hoc
606 2554 726 2663 usque
747 2575 918 2665 tempus,

161 2668 363 2747 ducenties
407 2667 617 2747 millenum
655 2666 856 2775 Regiorum
893 2682 920 2770 {-

160 2798 298 2888 praeter
318 2777 566 2889 dispendium
592 2777 771 2859 futurum
794 2780 920 2859 donec

155 2892 220 2998 jus
239 2891 399 2972 ditionis
419 2893 459 2970 in
480 2892 589 2970 illam
611 2891 784 2971 Insulam
807 2891 920 2971 nobis

161 3005 383 3086 restituatur
414 3033 461 3084 eo
490 3031 622 3083 rerum
650 3003 747 3084 statu
774 3005 814 3083 in
838 3031 919 3112 quo

162 3114 239 3196 fuit
267 3143 362 3196 cum
394 3135 526 3225 erepta
553 3114 666 3195 nobis
700 3115 770 3209 est,
803 3134 920 3224 prout

162 3226 308 3308 foedere
348 3225 537 3308 sancitum
577 3244 685 3306 erat:
728 3227 834 3337 quod
864 3223 925 3307 eff

163 3340 298 3421 nostrae
317 3359 484 3421 monetae
544 3399 915 3419 ......
1007 3364 1144 3446 ςοοοο
1204 3367 1230 3419 0
1288 3353 1347 3418 r:

220 3479 258 3558 3.
291 3450 604 3533 Satisfattionem
618 3450 860 3561 postulamus
872 3451 920 3531 de

161 3561 347 3642 omnibus
373 3563 450 3644 illis
473 3563 741 3643 mercimoniis
763 3561 919 3643 cibariis

162 3694 201 3756 et
232 3676 496 3784 apparatibus,
522 3677 592 3784 qui
623 3675 671 3755 ab
695 3674 919 3782 Agentibus

162 3789 365 3868 Societatis
386 3787 529 3895 Belgiae
547 3787 652 3898 apud
671 3786 780 3868 Indos
798 3786 917 3867 ablati

163 3900 265 3994 sunt,
286 3919 353 3980 aut
372 3902 419 3982 iis
440 3899 587 3995 traditi,
607 3917 675 3979 aut
692 3899 764 3978 ulli
780 3927 828 3978 ex
850 3927 920 3978 eo·

163 4041 252 4092 rum
273 4012 435 4093 navibus
456 4041 503 4092 eo
523 4010 682 4092 cursum
699 4010 921 4092 tenentibus

162 4143 229 4205 aut
241 4123 332 4203 inde
346 4125 614 4217 redeuntibus,
630 4151 802 4231 quorum
815 4123 920 4203 sum-

164 4266 228 4319 ma
259 4235 314 4317 est
341 4235 447 4344 8063
455 4263 492 4343 5.
524 4235 753 4345 Regiorum:
784 4235 920 4317 nostrae

164 4368 328 4430 monetae
401 4409 915 4428 ........
1008 4349 1145 4457 20158
1206 4378 1232 4430 0
1291 4378 1316 4429 0

219 4489 258 4563 4.
315 4461 628 4543 satisfactionem
672 4462 917 4570 postulamus
