2956 4980
304 197 467 291 Literae
494 191 688 291 Oliverii
714 197 1005 291 Protedtoris.
1153 210 1231 315 263

16 358 63 444 ἒι
96 372 211 450 Deo
233 373 333 479 Opt.
354 372 472 452 Max.
495 391 577 451 tam
597 372 731 452 vestris
752 372 865 450 rebus
879 371 965 476 jam
984 372 1073 453 ante
1093 373 1230 483 propi-

32 481 150 577 tio,
171 511 222 562 ex
243 485 376 563 animo
398 512 617 593 precamur.

165 595 486 705 Wrssmoncsserio.
509 595 600 676 Feb.
628 597 748 703 1655.

361 708 579 815 Majestatis
596 707 740 787 Vestrae
760 707 1061 787 Studiofiffimus

479 819 670 900 Oliverius
691 822 800 899 Prot.
822 822 941 930 Reip.
964 819 1135 926 Angliae,
1153 835 1228 898 etc.

517 1206 660 1335 Daniae
681 1208 791 1315 Regi.

163 1368 409 1449 Sereniffime
429 1396 474 1448 ac
496 1369 765 1448 Potentiffime
786 1370 999 1479 Princeps;

181 1498 295 1576 Uesti
316 1496 404 1576 sunt
422 1525 492 1606 per
514 1496 695 1576 libellum
716 1498 933 1608 supplicem
953 1497 1021 1578 suo
1040 1497 1231 1577 aliorum-

202 1637 280 1716 que
294 1629 559 1689 mercatorum
572 1609 1022 1715 Londinenſsumnomine
1035 1609 1146 1689 nobis
1159 1638 1232 1690 ex-

58 1717 256 1800 lu’bitum
285 1720 454 1827 Joannes
480 1722 713 1802 Fremannur
740 1742 780 1801 et
810 1723 1008 1832 Philippus
1033 1719 1234 1826 Travestus

56 1830 195 1938 liujus
216 1834 336 1942 Reip.
356 1834 475 1927 cives,
496 1832 532 1912 se
549 1835 705 1914 circiter
726 1834 898 1913 mensem
917 1832 1087 1914 umbris
1113 1834 1159 1912 16
1165 1860 1186 1939 5
1194 1861 1232 1940 3.

60 1972 176 2025 cum
195 1944 236 2022 in
255 1972 396 2024 navem
412 1945 609 2052 quandam
623 1944 994 2052 Suaderburgenstm,
1007 1948 1072 2026 cui
1088 1973 1233 2024 nomen

64 2057 291 2150 salvatori,
307 2057 463 2137 M'colao
476 2058 533 2135 W
527 2058 706 2163 einshinks
718 2053 918 2164 magistro,
932 2086 1081 2137 merces
1097 2059 1233 2150 varias,

59 2196 257 2278 pannum
273 2168 447 2262 laneum,
463 2168 660 2277 aliamque
676 2170 823 2247 vestem
840 2171 1019 2249 textilem
1033 2198 1078 2248 ac
1094 2169 1237 2247 merci·

62 2280 215 2360 monia
238 2281 327 2390 plus
348 2281 471 2360 tribus
491 2280 668 2362 millibus
688 2280 877 2361 librarum
898 2283 1081 2360 aestimata
1102 2283 1238 2388 impe*

61 2390 249 2486 fuissent,
270 2393 456 2499 magistro
475 2394 686 2486 mandasse,
708 2412 752 2472 ut
778 2421 847 2501 per
871 2395 1026 2473 Fretum
1046 2392 1235 2472 Balticum

65 2507 189 2584 serto
208 2504 322 2584 cursu
344 2504 569 2611 Dantffcum
589 2507 788 2611 navigaret
808 2524 930 2612 utque
955 2506 1001 2584 ad
1023 2504 1236 2613 Efinoram

65 2617 251 2722 vestigal
271 2615 449 2711 solveret,
471 2619 585 2725 eique
606 2619 726 2697 etiam
747 2618 956 2725 pecuniam
975 2617 1023 2696 ad
1043 2645 1131 2697 eam
1152 2644 1237 2696 rem

67 2729 250 2807 curaffe:
283 2728 549 2837 supradietum
565 2748 696 2808 tamen
714 2729 945 2836 magistrum
962 2727 1182 2836 perfidiose,
1198 2748 1237 2808 et

72 2837 219 2920 contri
231 2838 352 2949 quam
364 2841 434 2949 ipfi
448 2838 470 2919 b
484 2840 764 2921 mercatoribus
781 2841 1011 2919 mandatum
1025 2861 1121 2933 erat,
1139 2870 1237 2951 prae-

80 2956 304 3032 tervedtum
329 2953 543 3058 Elsenoram
566 2953 675 3032 nullo
701 2954 875 3061 portorio
900 2951 1022 3031 soluto
1047 2953 1237 3033 Baltic'um

76 3064 361 3173 pernavigaffe.
422 3065 623 3173 Navisque
647 3094 718 3174 per
745 3063 846 3143 hanc
865 3063 1019 3143 causam
1039 3092 1132 3143 cum
1154 3084 1238 3145 toto

77 3204 202 3256 onere
222 3204 302 3255 non
323 3177 400 3255 fine
425 3204 570 3284 magno
590 3195 855 3256 mercatorum
875 3178 1019 3255 damno
1040 3176 1238 3285 publicata

81 3310 204 3397 atque
229 3308 377 3373 retenta
402 3289 471 3368 est.
533 3295 720 3398 Qorum
748 3292 787 3368 in
813 3291 979 3396 gratiam
997 3288 1238 3398 jampridem

82 3401 133 3480 ad
152 3402 351 3508 Legatum
372 3399 588 3506 Majestatis
608 3402 739 3481 vestrae
755 3401 919 3480 Londini
935 3421 1029 3480 tunc
1050 3403 1239 3510 temporis

84 3531 400 3593 commorantem
420 3511 660 3621 scripsrmus;
692 3516 776 3622 qui,
792 3532 837 3592 ut
851 3514 922 3624 ipsr
942 3514 1065 3607 aiunt,
1083 3515 1240 3622 pollici-

89 3643 148 3705 tus
167 3624 237 3719 est,
258 3645 303 3704 ut
325 3626 502 3734 primum
529 3626 576 3704 ad
603 3624 852 3730 Majestatem
871 3623 1036 3704 vestram
1057 3625 1239 3720 rediisset,

89 3734 272 3817 daturum
301 3765 479 3846 operam,
506 3740 564 3817 uti
594 3739 692 3816 ratio
722 3757 986 3816 mercatorum
1016 3735 1238 3817 haberetur.

90 3849 242 3929 Verum
265 3876 360 3929 cum
385 3851 416 3928 is
445 3850 576 3958 postea
600 3849 684 3928 aliis
710 3850 750 3927 in
776 3848 1000 3956 regionibus
1025 3849 1242 3955 Majestatis

90 3961 234 4041 Vestrae
252 3961 410 4067 negotia
425 3961 565 4056 obiret,
583 3979 623 4039 et
637 3980 725 4041 ante
741 3959 945 4040 discessum
959 3960 1039 4065 ejus
1055 3979 1095 4040 et
1111 3961 1244 4070 postea

92 4069 227 4154 frustra
247 4072 283 4151 se
304 4101 397 4152 eum
417 4073 547 4152 adiiffe
563 4073 794 4152 ostendunt:
827 4073 929 4151 unde
950 4091 1244 4181 procuratorem

94 4184 205 4266 suum
225 4187 382 4265 mittere
401 4187 526 4264 coasti
547 4185 647 4279 sunt,
668 4186 739 4292 qui
754 4184 951 4292 jussuum
973 4185 1135 4292 Hafniae
1152 4212 1244 4295 per·

92 4295 329 4407 sequeretur,
350 4325 569 4404 navemque
590 4298 700 4376 illam
720 4324 764 4376 ac
785 4297 885 4375 bona
906 4297 1075 4390 liberari,
1097 4296 1245 4404 sibique

92 4410 201 4491 reddi
230 4408 449 4517 flagitaret:
481 4438 622 4489 verum
651 4410 793 4489 exinde
823 4409 979 4489 nullum
1008 4408 1044 4487 se
1070 4405 1246 4489 frustum

92 4521 319 4633 percepiffe,
337 4524 406 4603 nifi
425 4540 469 4602 ut
485 4523 531 4603 ad
549 4523 691 4602 damna
706 4542 836 4602 vetera
852 4548 969 4602 novas
986 4521 1194 4630 impensas,
1210 4541 1250 4620 et
