2956 4980
300 238 535 368 Scriptum
562 243 706 334 Dom.
737 240 1026 333 Protedoris.
1160 279 1238 360 357

85 427 237 488 caturas
254 407 414 505 faceret,
422 412 605 493 'similiter
619 434 658 494 et
676 417 781 493 navis
794 435 834 493 et
848 415 949 494 bona
964 413 1122 524 publica
1137 414 1238 494 fasta

89 519 191 613 sunt,
217 524 429 631 omnesque
454 548 578 605 nautae
604 526 805 635 suspendio
831 529 971 620 necati,
998 525 1126 607 assutis
1147 529 1236 606 uni·

87 633 233 740 cuique
249 637 297 714 ad
319 635 535 717 ludibrium
560 635 762 731 chartulis,
791 640 829 716 in
853 639 996 746 quibus
1016 658 1098 718 erat
1117 640 1236 745 scrip-

89 762 191 837 tum,
216 750 298 826 Cur
315 748 388 828 huc
406 749 586 858 venssis?
645 752 743 829 Haec
768 753 875 830 navis
897 779 992 830 cum
1010 779 1126 829 onere
1147 755 1236 830 ocio

88 856 266 939 millibus
286 859 476 940 librarum
492 863 676 941 aestimata
695 864 760 943 est.

147 969 246 1048 Haec
266 974 450 1082 exempla
466 973 551 1053 satis
567 974 788 1067 ostendunt,
801 974 1020 1080 cujusmodi
1036 974 1147 1053 nobis
1166 1001 1236 1081 pa-

88 1107 177 1159 cem
204 1082 370 1192 Hispani
390 1087 430 1163 in
454 1084 690 1165 Occideotoli
706 1085 817 1165 India
839 1087 1080 1194 temporibus
1099 1083 1241 1193 Jacobi

90 1192 310 1290 servarunt3
342 1199 411 1302 qui
437 1225 505 1276 rex
529 1196 821 1304 diligentiffimd
845 1199 995 1280 curavit
1019 1199 1080 1275 vel
1105 1198 1236 1307 potius

89 1307 300 1494 pertimuit
324 1336 372 1386 ne
403 1337 480 1417 pax
510 1337 604 1387 cum
633 1311 680 1388 iis
709 1311 974 1389 dirimeretur.
1034 1310 1237 1414 Ejusmodi

119 1417 246 1497 ostilia
266 1419 381 1527 plene
401 1441 441 1499 et
455 1441 616 1500 cruenta
629 1421 803 1529 vestigia,
819 1423 866 1501 ab
883 1421 949 1501 illa
964 1422 1084 1500 etiam
1101 1423 1237 1531 proxi·

90 1555 156 1607 ma
175 1558 286 1639 pace,
307 1560 393 1639 quae
413 1561 514 1611 anno
533 1536 637 1639 1630
650 1533 827 1613 consessa
840 1533 910 1627 est,
928 1534 975 1612 ad
996 1532 1097 1613 hanc
1117 1534 1236 1640 usque

89 1643 212 1735 diem,
233 1644 412 1752 persequi
431 1645 537 1724 licet.
1299 1653 1302 1657 ’

146 1755 211 1832 De
239 1756 285 1834 iis
308 1757 487 1849 coloniis,
511 1785 610 1865 quae,
637 1756 684 1835 ab
709 1754 824 1861 hujus
849 1759 1015 1838 nationis
1041 1757 1237 1846 nobilibus

89 1866 325 1974 quibusdam
348 1870 455 1960 viris,
481 1871 520 1947 in
546 1869 712 1947 insulam
736 1871 942 1949 Cotelinom
968 1870 1032 1973 (ab
1056 1869 1117 1949 his
1139 1870 1237 1949 Pro-

89 1978 271 2057 videntiae
289 1979 452 2086 didam)
475 1983 572 2060 etin
595 1980 761 2059 insulam
784 1977 989 2088 Tortugom
1010 1981 1075 2088 (ab
1101 1981 1238 2060 iisdem

90 2089 364 2171 Affociationis
378 2094 541 2200 didam)
555 2094 729 2171 dedudtae
740 2092 841 2185 sunt,
856 2098 1032 2203 primum
1047 2095 1237 2172 dicemus.

90 2203 168 2281 Hae
182 2223 315 2282 autem
336 2233 438 2283 anno
454 2207 608 2284 circiter
630 2207 750 2309 1629,
770 2233 864 2283 cum
883 2206 1002 2284 esseut
1022 2205 1238 2283 incolarum

91 2336 131 2392 et
151 2343 341 2425 pecorum
366 2320 529 2396 omnino
549 2345 691 2408 vacuae,
722 2317 869 2396 indicto
899 2318 1000 2395 inter
1027 2315 1172 2421 Anglos
1200 2333 1239 2393 et

91 2426 279 2534 Hstanos
309 2448 402 2507 tunc
433 2432 620 2538 temporis
650 2427 769 2520 bello,
803 2428 851 2506 ab
876 2428 1015 2534 Anglis
1040 2445 1239 2534 occupatae

92 2537 309 2646 suntatque
326 2541 502 2649 posseffae.
547 2543 740 2648 Sequente
754 2567 854 2617 anno
869 2567 963 2648 pace
976 2541 1076 2617 inter
1090 2558 1239 2616 utram·

92 2678 169 2757 que
190 2673 351 2754 gentem
374 2651 489 2743 fasta,
516 2681 610 2731 cum
630 2654 678 2729 de
699 2653 746 2729 iis
773 2652 904 2729 insulis
930 2649 1238 2758 haudquaquam

90 2762 138 2840 ab
160 2761 341 2870 Hfioonis
367 2765 407 2842 iu
427 2762 573 2843 foedere
593 2765 854 2871 exciperetur,
877 2763 1035 2842 Carolus
1054 2790 1138 2854 rex,
1160 2788 1239 2839 non

92 2874 279 2983 impediri
299 2875 335 2954 se
356 2874 429 2954 hac
449 2904 544 2984 pace
564 2875 783 2965 arbitratus,
801 2872 867 2951 suo
886 2874 1116 2981 diplomate,
1131 2872 1238 2979 quod

93 3004 133 3065 et
152 3013 299 3092 magno
316 2988 441 3093 figillo
462 2987 619 3093 Angliae
643 2986 837 3093 fignatum
862 3004 957 3076 erat,
982 2983 1239 3091 supradictam

93 3097 261 3179 insulam
285 3098 556 3191 Providentia,
584 3097 697 3176 fimul
729 3116 768 3175 et
794 3097 887 3174 alias
910 3097 1055 3173 vicinas
1079 3094 1239 3172 ditionis

93 3208 167 3288 esse
187 3207 261 3288 suae
274 3209 507 3302 declaravit;
529 3210 668 3316 easque
689 3207 886 3286 nobilibus
902 3205 1134 3314 quibusdam
1149 3207 1240 3283 viris

93 3349 311 3429 eorumque
340 3319 557 3401 haeredibus
587 3319 827 3430 poffidendas
857 3319 1063 3410 conceffit3
1104 3335 1144 3395 et
1182 3316 1239 3394 se-

94 3452 239 3541 quente
263 3461 364 3512 anno
384 3435 431 3512 ad
468 3435 667 3539 Tortugom
693 3430 812 3539 usque
837 3430 1001 3509 insulam
1027 3429 1240 3508 conceffio-

94 3570 187 3623 nem
208 3544 317 3623 illam
337 3545 526 3624 extendit.

150 3658 206 3734 Et
242 3684 468 3765 quanquam
507 3654 715 3763 supradicti
748 3654 893 3746 coloni,
932 3651 1105 3757 ejusdem
1141 3654 1241 3757 regis

95 3766 337 3847 concessrone
365 3771 404 3847 in
432 3796 568 3847 earum
589 3765 802 3843 insularum
829 3764 1096 3873 poffeffionem
1122 3790 1240 3840 vene-

95 3898 195 3971 rant,
216 3907 340 3987 eaque
358 3880 549 3960 conceffio
568 3876 657 3982 jure
678 3878 831 3985 optimo
855 3873 1015 3953 fundata
1039 3890 1134 3965 erat,
1159 3873 1241 3980 pri-

95 4019 209 4069 mum
240 4010 399 4085 naturae,
429 3991 477 4070 ed
505 3988 614 4096 qudd
645 4016 770 4094 neque
810 3983 983 4093 Hstoni,
1018 4012 1144 4090 neque
1173 3983 1241 4061 alii

93 4103 321 4208 quicunque
346 4105 384 4182 iu
408 4131 548 4182 eorum
568 4101 745 4179 locorum
768 4096 990 4206 posseffione
1016 4095 1148 4188 essent,
1172 4094 1241 4173 de·

95 4213 186 4292 inde
216 4212 325 4309 belli,
364 4213 685 4321 quandoquidem
715 4210 809 4289 belli
838 4227 1015 4315 tempore
1045 4223 1242 4312 occupatae

96 4324 198 4417 sunt,
219 4327 318 4403 etin
339 4329 445 4434 pacis
466 4325 639 4404 articulis
661 4349 906 4429 nequaquam
927 4337 1113 4426 exceptae,
1140 4315 1242 4394 unde

98 4436 280 4542 extingui
299 4436 364 4541 jus
390 4437 640 4546 Hispanorum
667 4433 837 4540 (siquod
863 4431 945 4510 illic
963 4430 1062 4534 juris
1087 4426 1243 4506 habuis-
