1008 1431
179 151 238 184 Cap.
250 156 282 176 16.
344 152 437 177 Plenior
451 152 574 177 Institutio.
712 163 723 183 5
731 164 737 177 ι

161 195 251 216 tionibus
263 197 324 216 etiam
336 196 501 224 frequentiffimus
516 198 544 218 est
558 198 616 224 hujus
630 198 740 218 cunm-adic-

161 223 223 244 tionis
232 224 286 248 usus;
297 225 403 252 praesertim
411 225 445 245 ubi
451 226 535 246 alterum
541 226 669 246 distinCtionis
676 233 740 246 mem-

162 251 224 272 brum
235 257 280 279 apta
290 260 338 273 voce
350 254 437 280 exprimi
452 260 490 274 non
504 254 579 281 potest:
595 259 617 274 ut
627 253 740 274 DialeCficae

162 280 246 300 materia
256 280 284 300 est
293 288 335 304 ens,
348 286 368 301 et
377 288 416 301 non
428 288 474 305 ens;
490 281 523 301 lex
533 282 560 302 est
570 282 647 309 scripta,
659 282 690 301 vel
701 289 740 301 non

162 307 241 335 scripta.
272 309 304 328 Sic
313 309 338 329 ad
349 309 442 329 Critonem
450 310 536 330 Socrates
543 318 550 333 ;
562 310 631 330 videris
640 310 741 336 oppurtunb

162 335 235 362 quidem
244 343 279 356 non
288 337 373 364 excitaffl
382 344 416 357 me.
441 338 465 357 In
475 337 506 357 his
516 338 613 365 exemplis
622 337 740 358 axiomatica

162 364 292 384 contradictio
302 365 357 385 nulla
366 365 406 385 est:
422 366 451 385 uti
463 372 527 392 neque
538 366 559 385 in
571 366 606 385 illo
618 366 672 392 quod
684 364 740 393 supr&

163 391 184 411 in
195 391 233 412 hoc
243 392 307 420 capite
317 400 343 413 ex
353 393 448 413 Martiale
457 394 538 414 allatum
548 393 587 414 est:
604 394 658 414 Bella
668 401 697 416 εκ
708 401 740 413 no-

162 419 231 444 vimus,
246 425 265 440 et
275 421 346 447 puella,
357 422 395 441 διε.
430 422 479 441 Non
494 422 548 442 enirn
562 421 645 441 verbum
660 421 688 441 est
703 421 740 441 five

162 448 264 475 copulatio
274 453 363 475 negatur,
374 449 406 469 sed
417 454 486 476 partes.
517 450 599 469 Fabulla
613 449 641 469 est
655 450 707 469 bella
721 454 741 469 et

162 476 230 503 puella
239 481 260 496 et
269 477 335 500 dives;
347 477 429 497 Fabulla
439 478 467 497 est
477 482 496 497 et
507 484 545 497 non
555 477 613 501 bella,
623 482 643 497 et
653 484 692 497 non
703 484 740 504 pu-

164 503 209 527 ella,
225 508 245 524 et
258 511 298 524 non
311 505 372 525 dives.
402 505 529 525 Axiomatica
544 506 598 525 enim
612 505 741 525 contradiffio

164 531 278 558 hujusmodi
289 532 366 553 fuiffet:
383 533 465 553 Fabulla
475 540 514 553 non
522 533 550 553 est
557 538 577 553 et
586 533 637 553 bella
647 538 666 553 et
675 533 741 561 puella

163 564 183 579 et
192 560 260 580 dives:
275 561 330 587 quod
340 560 375 580 lib.
387 567 406 580 2.
417 561 487 581 clarius
497 561 625 588 intelligetur.

286 658 349 678 CAP.
360 658 429 678 XVII.
446 658 478 678 De
488 657 621 678 Privantibus.

222 706 253 718 ⁴⁴<
268 701 360 722 Rivantia
371 701 420 728 stent
439 702 536 722 contraria
555 701 650 728 negantia,
665 708 742 729 quorum

257 747 263 751 i
279 730 360 750 alterum
372 734 428 756 negat
441 730 460 750 in
469 737 488 749 eo
498 729 571 749 timtum
578 729 669 756 stabjeffl,
680 730 698 749 in
720 737 742 749 uo

247 755 251 759 ’
259 755 262 760 “
279 757 464 785 qffirmatumstmpte
472 762 543 777 natura
552 758 602 785 itast.
631 758 698 785 Atque
708 737 742 777 liic

280 786 399 806 affirmatum
413 786 484 805 dicitur
494 785 579 809 habitus,
589 792 629 812 quo
639 786 683 812 quis
693 786 742 812 quid

164 812 231 837 habet,
242 818 336 840 negatum
349 818 416 833 autem
429 814 521 841 privatio,
530 813 568 840 qufi
578 814 622 840 quis
635 820 657 833 ea
669 820 690 833 re
700 814 741 840 pri-

164 846 221 861 vatur
230 846 264 861 aut
275 846 340 861 caret:
356 847 378 862 ut
388 841 439 862 visus
453 846 472 861 et
485 842 567 865 caeeitas,
578 846 643 861 motus
656 846 676 860 et
685 842 741 868 quies

164 869 185 888 in
194 869 218 889 iis
227 869 284 889 rebus
291 876 335 897 quae
343 874 399 890 motu
406 869 550 889 conservantur.
581 869 630 889 Sunt
637 869 740 892 contraria,

163 896 219 924 quod
229 904 292 917 unum
306 898 341 917 uni
353 898 468 925 opponitur,
478 896 556 917 habitus
570 897 686 924 privationi;
702 904 741 924 qua

164 932 190 945 ex
200 930 255 952 parte
264 925 352 952 negantia
364 932 444 953 quoque
457 925 562 945 dicuntur:
579 932 625 945 nam
637 929 657 944 et
669 924 702 944 hic
713 925 740 945 rei

163 953 246 979 alicujus
259 953 385 973 affirmationi
398 953 484 980 ejusdem
498 953 583 979 negatio,
594 953 632 973 i.e.
647 953 687 972 enti
701 960 740 973 non

164 987 199 1000 ens
207 981 325 1008 opponitur:
337 981 419 1008 privatio
426 981 488 1004 enirn,
495 985 517 1000 ut
524 981 589 1008 inquit
595 980 674 1008 Arssot.
682 981 713 1000 Ph
718 980 739 1007 s

164 1015 185 1029 2.
197 1008 217 1029 8.
229 1009 295 1036 perse
303 1009 328 1036 ςβ
337 1016 371 1029 nan
381 1016 424 1029 em:
440 1014 460 1029 et
470 1009 525 1029 Plut.
538 1009 562 1029 de
574 1009 640 1036 primo
654 988 739 1035 frigidj&

160 1037 247 1064 pri-vasio
256 1038 280 1063 est
289 1037 367 1064 effi’ntiae
376 1037 448 1064 negatio
453 1045 461 1060 ,-
476 1036 584 1064 habituique
592 1037 695 1064 opponitur,
705 1044 740 1057 non

164 1069 187 1085 ut
195 1069 267 1085 natura
278 1065 362 1092 quadam
375 1070 409 1085 aut
419 1065 494 1092 effi’ntia
505 1069 540 1092 per
547 1064 570 1091 st
581 1065 662 1092 exssens,
669 1064 707 1091 sed
718 1069 740 1085 ut

163 1092 204 1119 ejus
212 1093 306 1120 corruptio
315 1098 334 1113 et
342 1093 426 1113 ademtio.
456 1094 549 1120 Qiorum
559 1092 643 1112 alterum
651 1097 709 1119 negat
720 1093 740 1112 in

163 1128 189 1140 eo
202 1125 279 1141 tanturn
292 1121 384 1147 subjecto,
394 1121 414 1141 in
427 1128 475 1148 quo,
486 1122 522 1141 διε,
552 1121 591 1140 His
600 1120 663 1140 verbis
676 1120 740 1140 forma

162 1149 284 1176 privantium
301 1156 340 1176 qua
360 1149 508 1176 distinguuntur
527 1148 537 1168 ὲ
553 1149 739 1171 contradicentibus,

163 1177 290 1204 exprimitur.
320 1177 343 1196 In
357 1177 534 1197 contradicentibus
549 1177 602 1197 enim
617 1176 695 1203 negatio
709 1176 739 1195 in-

164 1204 219 1224 finita
228 1205 264 1228 est,
274 1205 393 1225 affirmatum
407 1205 464 1225 suum
477 1205 558 1232 ubique,
569 1205 582 1224 i.
592 1212 609 1224 e.
620 1204 708 1231 qualibet
718 1204 738 1224 in
