2956 4980
275 254 352 335 108
682 239 809 334 Artis
835 240 1018 369 Logicae
1220 236 1329 333 Lib.
1354 276 1393 336 2.

274 421 395 529 gatio.
456 415 565 499 Clrm
585 416 679 498 vero
698 418 747 498 de
766 417 1013 527 dispofitione
1034 417 1101 496 illa
1114 417 1316 523 judicium
1337 416 1426 511 fert,

268 533 420 639 judicat
451 560 540 611 eam
563 531 626 610 vel
651 558 784 610 veram
815 528 889 609 elle
914 530 977 609 vel
1008 528 1155 609 falsam.
1217 532 1427 641 Qemad-

275 645 441 725 modum
461 663 595 723 autem
614 642 812 752 dispositio
832 642 888 722 est
907 642 1015 752 prior
1034 640 1202 747 judicio,
1223 641 1275 721 fic
1294 641 1429 721 effect

277 785 354 836 non
375 754 449 836 esse
469 757 577 866 prius
596 754 787 865 quiddam
807 756 862 834 est
882 774 921 834 et
949 753 1164 863 simplicius
1184 750 1308 863 quim
1327 752 1429 833 affir-

277 897 386 948 mare
406 888 446 948 et
469 895 627 975 negare,
647 885 688 947 et
714 885 926 973 utrumque
953 864 1030 946 hoc
1056 863 1340 974 quamverum
1363 884 1430 945 aut

277 979 621 1086 falsumjudicare.

332 1092 495 1172 Axioma
514 1091 635 1197 igitur
653 1090 701 1199 cst
719 1089 946 1199 affirmatum
964 1107 1033 1170 aut
1051 1108 1239 1199 negatum.

334 1205 499 1313 Duplex
525 1202 582 1282 est
609 1203 675 1282 hic
705 1202 845 1282 modus
872 1203 1117 1297 enuntiandi,
1139 1230 1215 1282 non
1239 1200 1327 1279 duae
1346 1198 1430 1279 sunt

277 1316 421 1425 species
435 1316 627 1395 enuntiati
644 1315 720 1394 five
735 1314 943 1395 axiomatis
959 1344 970 1392 r
1000 1313 1308 1394 contradictione
1323 1312 1428 1391 enim

277 1430 385 1507 idem
412 1428 571 1508 axioma
597 1426 813 1506 affirmatur
839 1444 879 1505 et
908 1446 1098 1533 negatur:
1129 1425 1193 1506 sed
1220 1424 1428 1505 affirmatio

275 1559 315 1620 et
334 1540 492 1648 negatio
508 1540 801 1634 enuntiationis,
818 1539 843 1617 i.
859 1566 894 1618 e.
913 1539 1142 1618 enuntiandi
1161 1537 1309 1647 species
1330 1534 1425 1628 sunt,

277 1680 356 1730 non
375 1653 591 1745 enuntiati余
623 1679 716 1731 nam
736 1670 777 1731 et
796 1651 1004 1730 affirmatio
1021 1669 1060 1729 et
1080 1651 1237 1757 negatio
1256 1649 1340 1728 dici
1359 1674 1426 1757 po-

279 1763 350 1843 test
374 1764 607 1857 enuntiatio,
628 1764 876 1843 enuntiatum
896 1760 990 1842 vero
1014 1789 1264 1871 nequaquam
1277 1792 1288 1856 余
1321 1762 1427 1839 axio-

279 1876 395 1956 matis
415 1877 537 1983 igitur
557 1895 721 1985 utraque
740 1875 797 1955 est
814 1874 984 1967 affectio,
1005 1902 1084 1954 non
1102 1877 1273 1954 axioma.

335 1988 498 2067 Axioma
510 1986 736 2095 affirmatum
751 1986 800 2095 est
815 1986 958 2097 quando
970 1986 1160 2066 vinculum
1173 1984 1252 2092 ejus
1263 1983 1426 2093 affirma-

277 2115 365 2177 tur:
378 2099 714 2209 negatum,quando
726 2117 901 2207 negatur.
935 2098 1155 2178 Vinculum
1167 2126 1207 2176 n.
1221 2096 1427 2177 axiomatis

278 2207 405 2290 forma
432 2211 519 2306 est3
550 2213 700 2291 vinculi
722 2214 762 2290 vi
790 2210 998 2291 axiomatis
1025 2212 1189 2289 materia
1211 2208 1428 2317 disponitur

278 2342 317 2401 et
348 2324 455 2430 quasi
487 2324 713 2418 animatur余
753 2324 912 2402 vinculo
943 2322 1136 2402 affirmato
1169 2340 1238 2401 aut
1271 2338 1426 2428 negato,

277 2435 435 2514 axioma
468 2433 598 2544 ipsum
632 2436 849 2515 affirmatur
882 2454 949 2514 aut
987 2450 1176 2541 negatur:
1221 2432 1428 2512 affirmatio

277 2546 410 2652 itaque
440 2567 480 2625 et
510 2548 667 2653 negatio
696 2545 783 2626 sunt
808 2546 956 2626 vinculi
984 2544 1223 2639 affesiiones,
1255 2540 1428 2651 adeoque

279 2658 486 2736 axiomatis
506 2654 664 2765 ejusque
691 2658 923 2768 specierum.
984 2657 1202 2737 Vinculum
1221 2675 1358 2736 autem
1377 2653 1430 2733 est

276 2769 342 2866 vel
361 2769 527 2848 verbum
545 2770 608 2849 vel
629 2772 898 2850 Grammatica
924 2769 1162 2876 conjunctio,
1183 2787 1228 2848 ut
1255 2768 1428 2877 postmo-

278 2880 376 2960 dum
393 2879 557 2988 patebit,
579 2878 674 2961 cl1m
694 2884 851 2963 axioma
870 2883 912 2961 in
932 2879 1076 2990 species
1094 2880 1306 2960 dividetur.

339 2993 562 3073 Affirmatio
583 3014 716 3073 autem
737 2994 817 3074 haec
833 3012 873 3073 et
889 2995 1047 3100 negatio
1064 2991 1164 3072 nihil
1179 2991 1287 3072 aliud
1304 2988 1375 3083 est,
1390 3006 1433 3068 ut

279 3102 391 3214 supri
410 3105 600 3199 diximus,
617 3105 738 3213 quam
757 3105 989 3214 compositio
1009 3124 1049 3185 et
1068 3104 1228 3184 divisio:
1260 3102 1430 3181 affirma-

279 3236 341 3295 tur
354 3218 463 3295 enim
475 3218 647 3311 axioma,
660 3214 754 3297 cum
770 3219 852 3324 ejus
867 3216 1106 3326 consequens
1120 3243 1191 3327 per
1201 3214 1432 3295 affirmatio-

279 3354 370 3404 nem
388 3329 536 3407 vinculi
555 3346 650 3408 cum
669 3328 922 3409 antecedente
939 3330 1193 3437 componitur
1209 3357 1220 3421 余
1253 3346 1432 3433 negatur,

278 3435 372 3516 clun
387 3458 529 3546 negato
544 3440 718 3533 vinculo,
735 3440 974 3549 consequens
993 3442 1042 3521 ab
1058 3439 1314 3520 antecedente
1334 3436 1435 3517 divi-

279 3548 397 3628 ditur.
458 3552 634 3657 Negatio
656 3554 777 3661 igitur
796 3554 1031 3633 axiomatica
1051 3580 1130 3633 non
1149 3551 1219 3644 est,
1240 3550 1435 3659 quemad-

280 3661 446 3740 modum
473 3682 555 3742 erat
582 3665 711 3773 topica
735 3692 812 3742 non
833 3692 916 3759 ens,
944 3664 1007 3745 sed
1032 3665 1132 3747 entis
1156 3662 1437 3743 tantummodo

279 3773 327 3851 ab
347 3793 436 3852 ente
456 3775 605 3854 divifio.

336 3885 440 3966 Hinc
462 3886 629 3992 nascitur
655 3888 879 3967 axiomatum
902 3887 1156 3981 contradixisse,
1176 3884 1322 3997 quando
1345 3883 1437 3965 idem

277 3997 422 4077 axioma
441 3997 655 4106 affirmatur
673 4016 710 4078 et
729 4017 903 4107 negatur.
