<?xml version="1.0" encoding="UTF-8"?>
<!DOCTYPE html PUBLIC "-//W3C//DTD XHTML 1.0 Transitional//EN"
    "http://www.w3.org/TR/xhtml1/DTD/xhtml1-transitional.dtd">
<html xmlns="http://www.w3.org/1999/xhtml" xml:lang="en" lang="en">
 <head>
  <title>
</title>
<meta http-equiv="Content-Type" content="text/html;charset=utf-8" />
  <meta name='ocr-system' content='tesseract 3.04.00' />
  <meta name='ocr-capabilities' content='ocr_page ocr_carea ocr_par ocr_line ocrx_word'/>
</head>
<body>
  <div class='ocr_page' id='page_1' title='image "./worksjohnmilton06miltgoog_0189.png"; bbox 0 0 2956 4980; ppageno 0'>
   <div class='ocr_carea' id='block_1_1' title="bbox 533 204 1261 336">
    <p class='ocr_par' dir='ltr' id='par_1_1' title="bbox 533 204 1261 336">
     <span class='ocr_line' id='line_1_1' title="bbox 533 204 1261 336; baseline -0.001 -34"><span class='ocrx_word' id='word_1_1' title='bbox 533 210 689 304; x_wconf 84' lang='lat' dir='ltr'>Praxis</span> <span class='ocrx_word' id='word_1_2' title='bbox 717 207 915 336; x_wconf 83' lang='lat' dir='ltr'>Logicae.</span> <span class='ocrx_word' id='word_1_3' title='bbox 1098 204 1204 302; x_wconf 90' lang='lat' dir='ltr'><em>Lib.</em></span> <span class='ocrx_word' id='word_1_4' title='bbox 1225 247 1261 301; x_wconf 86' lang='lat'>2.</span> 
     </span>
    </p>
   </div>
   <div class='ocr_carea' id='block_1_2' title="bbox 97 786 1293 1144">
    <p class='ocr_par' dir='ltr' id='par_1_2' title="bbox 97 786 1293 1144">
     <span class='ocr_line' id='line_1_2' title="bbox 97 786 1293 954; baseline -0.01 -42"><span class='ocrx_word' id='word_1_5' title='bbox 97 788 296 912; x_wconf 83' lang='lat' dir='ltr'>Praxis</span> <span class='ocrx_word' id='word_1_6' title='bbox 323 786 560 954; x_wconf 84' lang='lat' dir='ltr'>Logicae</span> <span class='ocrx_word' id='word_1_7' title='bbox 577 786 890 948; x_wconf 87' lang='lat' dir='ltr'>Analytica</span> <span class='ocrx_word' id='word_1_8' title='bbox 917 830 991 904; x_wconf 83' lang='lat' dir='ltr'>ex</span> <span class='ocrx_word' id='word_1_9' title='bbox 1018 787 1293 904; x_wconf 88' lang='lat' dir='ltr'>Dounam</span> 
     </span>
     <span class='ocr_line' id='line_1_3' title="bbox 235 1005 1219 1144; baseline -0.002 -36"><span class='ocrx_word' id='word_1_10' title='bbox 235 1011 314 1108; x_wconf 90' lang='lat' dir='ltr'>Ad</span> <span class='ocrx_word' id='word_1_11' title='bbox 340 1016 458 1144; x_wconf 88' lang='lat' dir='ltr'>Cap.</span> <span class='ocrx_word' id='word_1_12' title='bbox 487 1012 705 1105; x_wconf 89' lang='lat' dir='ltr'>Tertium</span> <span class='ocrx_word' id='word_1_13' title='bbox 731 1011 909 1106; x_wconf 86' lang='lat' dir='ltr'>Ramiae</span> <span class='ocrx_word' id='word_1_14' title='bbox 936 1005 1219 1106; x_wconf 72' lang='lat' dir='ltr'>Dialedticae.</span> 
     </span>
    </p>
   </div>
   <div class='ocr_carea' id='block_1_3' title="bbox 167 1237 1322 1366">
    <p class='ocr_par' dir='ltr' id='par_1_3' title="bbox 167 1237 1322 1385">
     <span class='ocr_line' id='line_1_4' title="bbox 167 1237 1322 1366; baseline -0.008 -44"><span class='ocrx_word' id='word_1_15' title='bbox 167 1243 574 1366; x_wconf 36' lang='lat' dir='ltr'>ff‘QXemplum</span> <span class='ocrx_word' id='word_1_16' title='bbox 599 1242 776 1351; x_wconf 86' lang='lat' dir='ltr'>primum</span> <span class='ocrx_word' id='word_1_17' title='bbox 796 1241 851 1319; x_wconf 91' lang='lat' dir='ltr'>est</span> <span class='ocrx_word' id='word_1_18' title='bbox 870 1237 991 1319; x_wconf 85' lang='lat' dir='ltr'>causae</span> <span class='ocrx_word' id='word_1_19' title='bbox 1010 1241 1252 1348; x_wconf 84' lang='lat' dir='ltr'>procreantis</span> <span class='ocrx_word' id='word_1_20' title='bbox 1269 1266 1322 1318; x_wconf 81' lang='lat' dir='ltr'>er·</span> 
     </span>
    </p>
   </div>
   <div class='ocr_carea' id='block_1_4' title="bbox 231 1351 1278 1460">
    <p class='ocr_par' dir='ltr' id='par_1_4' title="bbox 231 1351 1278 1460">
     <span class='ocr_line' id='line_1_5' title="bbox 231 1351 1278 1460; baseline -0.003 -25"><span class='ocrx_word' id='word_1_21' title='bbox 231 1383 329 1457; x_wconf 55' lang='lat'>11„</span> <span class='ocrx_word' id='word_1_22' title='bbox 379 1354 639 1437; x_wconf 88' lang='lat' dir='ltr'>conservantis</span> <span class='ocrx_word' id='word_1_23' title='bbox 658 1382 708 1432; x_wconf 81' lang='lat' dir='ltr'>ex</span> <span class='ocrx_word' id='word_1_24' title='bbox 731 1353 869 1432; x_wconf 91' lang='lat' dir='ltr'>Ovidii</span> <span class='ocrx_word' id='word_1_25' title='bbox 889 1353 1019 1460; x_wconf 91' lang='lat' dir='ltr'>primo</span> <span class='ocrx_word' id='word_1_26' title='bbox 1040 1351 1088 1430; x_wconf 90' lang='lat' dir='ltr'>de</span> <span class='ocrx_word' id='word_1_27' title='bbox 1111 1353 1278 1432; x_wconf 90' lang='lat' dir='ltr'>Remed.</span> 
     </span>
    </p>
   </div>
   <div class='ocr_carea' id='block_1_5' title="bbox 211 1356 1280 2254">
    <p class='ocr_par' dir='ltr' id='par_1_5' title="bbox 231 1356 335 1563">
     <span class='ocr_line' id='line_1_6' title="bbox 250 1356 272 1408; baseline 0 -5"><span class='ocrx_word' id='word_1_28' title='bbox 250 1356 272 1408; x_wconf 83' lang='lat' dir='ltr'>u</span> 
     </span>
     <span class='ocr_line' id='line_1_7' title="bbox 231 1413 335 1563; baseline 0.019 -2"><span class='ocrx_word' id='word_1_29' title='bbox 231 1413 335 1563; x_wconf 47' lang='lat' dir='ltr'>lid*</span> 
     </span>
    </p>

    <p class='ocr_par' dir='ltr' id='par_1_6' title="bbox 213 1573 1280 1802">
     <span class='ocr_line' id='line_1_8' title="bbox 213 1573 1280 1688; baseline -0.004 -28"><span class='ocrx_word' id='word_1_30' title='bbox 213 1592 239 1613; x_wconf 95' lang='lat'><em>&#39;</em></span> <span class='ocrx_word' id='word_1_31' title='bbox 273 1591 280 1599; x_wconf 78' lang='grc'><em>“</em></span> <span class='ocrx_word' id='word_1_32' title='bbox 301 1582 327 1602; x_wconf 62' lang='lat'><em>⁴</em></span> <span class='ocrx_word' id='word_1_33' title='bbox 384 1583 488 1688; x_wconf 84' lang='lat' dir='ltr'>Ergo</span> <span class='ocrx_word' id='word_1_34' title='bbox 509 1576 574 1658; x_wconf 89' lang='lat' dir='ltr'>ubi</span> <span class='ocrx_word' id='word_1_35' title='bbox 585 1576 690 1685; x_wconf 67' lang='lat' dir='ltr'><em>vffies</em></span> <span class='ocrx_word' id='word_1_36' title='bbox 709 1576 783 1656; x_wconf 88' lang='lat' dir='ltr'>eris</span> <span class='ocrx_word' id='word_1_37' title='bbox 801 1575 923 1684; x_wconf 81' lang='lat' dir='ltr'>noslra</span> <span class='ocrx_word' id='word_1_38' title='bbox 940 1573 1164 1655; x_wconf 83' lang='lat' dir='ltr'>medicabilis</span> <span class='ocrx_word' id='word_1_39' title='bbox 1183 1594 1280 1672; x_wconf 88' lang='lat' dir='ltr'>arte,</span> 
     </span>
     <span class='ocr_line' id='line_1_9' title="bbox 214 1686 957 1802; baseline -0.009 -30"><span class='ocrx_word' id='word_1_40' title='bbox 214 1693 295 1772; x_wconf 87' lang='lat' dir='ltr'>Fac</span> <span class='ocrx_word' id='word_1_41' title='bbox 313 1690 603 1802; x_wconf 86' lang='lat' dir='ltr'>munitissugius</span> <span class='ocrx_word' id='word_1_42' title='bbox 623 1690 698 1770; x_wconf 85' lang='lat' dir='ltr'>otiu</span> <span class='ocrx_word' id='word_1_43' title='bbox 713 1690 840 1800; x_wconf 86' lang='lat' dir='ltr'>prima</span> <span class='ocrx_word' id='word_1_44' title='bbox 858 1686 957 1767; x_wconf 83' lang='lat' dir='ltr'>meis.</span> 
     </span>
    </p>

    <p class='ocr_par' dir='ltr' id='par_1_7' title="bbox 211 1799 1252 2023">
     <span class='ocr_line' id='line_1_10' title="bbox 211 1799 1252 1913; baseline -0.006 -28"><span class='ocrx_word' id='word_1_45' title='bbox 211 1807 325 1897; x_wconf 87' lang='lat' dir='ltr'>Haec,</span> <span class='ocrx_word' id='word_1_46' title='bbox 343 1825 386 1884; x_wconf 89' lang='lat' dir='ltr'>ut</span> <span class='ocrx_word' id='word_1_47' title='bbox 404 1835 515 1898; x_wconf 88' lang='lat' dir='ltr'>ames,</span> <span class='ocrx_word' id='word_1_48' title='bbox 522 1804 710 1913; x_wconf 86' lang='lat' dir='ltr'>fuciunt:</span> <span class='ocrx_word' id='word_1_49' title='bbox 740 1804 820 1882; x_wconf 84' lang='lat' dir='ltr'>lzaec</span> <span class='ocrx_word' id='word_1_50' title='bbox 836 1830 918 1911; x_wconf 86' lang='lat' dir='ltr'>quae</span> <span class='ocrx_word' id='word_1_51' title='bbox 924 1799 1057 1908; x_wconf 86' lang='lat' dir='ltr'>fecere</span> <span class='ocrx_word' id='word_1_52' title='bbox 1075 1818 1252 1893; x_wconf 67' lang='lat' dir='ltr'>tuentum</span> 
     </span>
     <span class='ocr_line' id='line_1_11' title="bbox 212 1913 1039 2023; baseline -0.008 -26"><span class='ocrx_word' id='word_1_53' title='bbox 212 1917 416 2022; x_wconf 82' lang='lat' dir='ltr'>Haecsuut</span> <span class='ocrx_word' id='word_1_54' title='bbox 423 1916 589 2022; x_wconf 86' lang='lat' dir='ltr'>jucundi</span> <span class='ocrx_word' id='word_1_55' title='bbox 605 1914 730 2021; x_wconf 85' lang='lat' dir='ltr'>causa,</span> <span class='ocrx_word' id='word_1_56' title='bbox 751 1913 920 2023; x_wconf 84' lang='lat' dir='ltr'><em>cibusque</em></span> <span class='ocrx_word' id='word_1_57' title='bbox 938 1913 1039 1991; x_wconf 86' lang='lat' dir='ltr'>mali.</span> 
     </span>
    </p>

    <p class='ocr_par' dir='ltr' id='par_1_8' title="bbox 214 2026 1024 2254">
     <span class='ocr_line' id='line_1_12' title="bbox 214 2026 1014 2139; baseline -0.008 -30"><span class='ocrx_word' id='word_1_58' title='bbox 214 2030 306 2109; x_wconf 83' lang='lat' dir='ltr'>Otia</span> <span class='ocrx_word' id='word_1_59' title='bbox 311 2030 356 2136; x_wconf 81' lang='lat' dir='ltr'><em>st</em></span> <span class='ocrx_word' id='word_1_60' title='bbox 370 2031 493 2124; x_wconf 86' lang='lat' dir='ltr'>tollas,</span> <span class='ocrx_word' id='word_1_61' title='bbox 507 2028 654 2139; x_wconf 87' lang='lat' dir='ltr'>periere</span> <span class='ocrx_word' id='word_1_62' title='bbox 674 2026 868 2137; x_wconf 85' lang='lat' dir='ltr'><em>Cupidinis</em></span> <span class='ocrx_word' id='word_1_63' title='bbox 886 2054 1014 2119; x_wconf 88' lang='lat' dir='ltr'>arcus,</span> 
     </span>
     <span class='ocr_line' id='line_1_13' title="bbox 214 2139 1024 2254; baseline -0.006 -33"><span class='ocrx_word' id='word_1_64' title='bbox 214 2144 507 2254; x_wconf 70' lang='lat' dir='ltr'><em>Contemptaeque</em></span> <span class='ocrx_word' id='word_1_65' title='bbox 514 2140 649 2249; x_wconf 87' lang='lat' dir='ltr'>jacent</span> <span class='ocrx_word' id='word_1_66' title='bbox 668 2159 704 2220; x_wconf 89' lang='lat' dir='ltr'>et</span> <span class='ocrx_word' id='word_1_67' title='bbox 709 2141 794 2246; x_wconf 76' lang='lat' dir='ltr'>stne</span> <span class='ocrx_word' id='word_1_68' title='bbox 812 2140 891 2218; x_wconf 90' lang='lat' dir='ltr'>luce</span> <span class='ocrx_word' id='word_1_69' title='bbox 896 2139 1024 2246; x_wconf 89' lang='lat' dir='ltr'>faces.</span> 
     </span>
    </p>
   </div>
   <div class='ocr_carea' id='block_1_6' title="bbox 147 2313 1322 4448">
    <p class='ocr_par' dir='ltr' id='par_1_9' title="bbox 147 2313 1322 4448">
     <span class='ocr_line' id='line_1_14' title="bbox 212 2313 1322 2424; baseline 0.003 -32"><span class='ocrx_word' id='word_1_70' title='bbox 212 2315 259 2392; x_wconf 94' lang='lat' dir='ltr'>In</span> <span class='ocrx_word' id='word_1_71' title='bbox 280 2315 452 2422; x_wconf 81' lang='lat' dir='ltr'>singulis,</span> <span class='ocrx_word' id='word_1_72' title='bbox 473 2344 559 2424; x_wconf 87' lang='lat' dir='ltr'>quae</span> <span class='ocrx_word' id='word_1_73' title='bbox 579 2315 626 2395; x_wconf 88' lang='lat' dir='ltr'>ad</span> <span class='ocrx_word' id='word_1_74' title='bbox 647 2315 851 2394; x_wconf 88' lang='lat' dir='ltr'>efficientis</span> <span class='ocrx_word' id='word_1_75' title='bbox 871 2314 1089 2393; x_wconf 74' lang='lat' dir='ltr'>dodtrinam</span> <span class='ocrx_word' id='word_1_76' title='bbox 1111 2313 1322 2395; x_wconf 80' lang='lat' dir='ltr'>illustran-</span> 
     </span>
     <span class='ocr_line' id='line_1_15' title="bbox 154 2427 1322 2536; baseline 0.003 -31"><span class='ocrx_word' id='word_1_77' title='bbox 154 2428 246 2506; x_wconf 88' lang='lat' dir='ltr'>dam</span> <span class='ocrx_word' id='word_1_78' title='bbox 278 2427 507 2521; x_wconf 87' lang='lat' dir='ltr'>afferuntur,</span> <span class='ocrx_word' id='word_1_79' title='bbox 540 2429 749 2536; x_wconf 81' lang='lat' dir='ltr'>exemplis,</span> <span class='ocrx_word' id='word_1_80' title='bbox 782 2429 855 2506; x_wconf 90' lang='lat' dir='ltr'>tria</span> <span class='ocrx_word' id='word_1_81' title='bbox 893 2427 1168 2506; x_wconf 81' lang='lat' dir='ltr'>consideranda</span> <span class='ocrx_word' id='word_1_82' title='bbox 1207 2428 1322 2523; x_wconf 74' lang='lat' dir='ltr'>sunt„</span> 
     </span>
     <span class='ocr_line' id='line_1_16' title="bbox 154 2538 1322 2634; baseline 0.003 -17"><span class='ocrx_word' id='word_1_83' title='bbox 154 2540 343 2631; x_wconf 85' lang='lat' dir='ltr'>efficiens,</span> <span class='ocrx_word' id='word_1_84' title='bbox 375 2540 576 2634; x_wconf 67' lang='lat' dir='ltr'>effestum,</span> <span class='ocrx_word' id='word_1_85' title='bbox 605 2540 800 2619; x_wconf 90' lang='lat' dir='ltr'>efficiendi</span> <span class='ocrx_word' id='word_1_86' title='bbox 831 2540 986 2618; x_wconf 89' lang='lat' dir='ltr'>modus.</span> <span class='ocrx_word' id='word_1_87' title='bbox 1047 2540 1094 2618; x_wconf 94' lang='lat' dir='ltr'>In</span> <span class='ocrx_word' id='word_1_88' title='bbox 1128 2538 1206 2619; x_wconf 90' lang='lat' dir='ltr'>hoc</span> <span class='ocrx_word' id='word_1_89' title='bbox 1238 2569 1322 2620; x_wconf 69' lang='grc' dir='ltr'>εκ·-</span> 
     </span>
     <span class='ocr_line' id='line_1_17' title="bbox 153 2651 1308 2761; baseline 0.004 -33"><span class='ocrx_word' id='word_1_90' title='bbox 153 2651 288 2758; x_wconf 93' lang='lat' dir='ltr'>emplo</span> <span class='ocrx_word' id='word_1_91' title='bbox 311 2651 499 2730; x_wconf 67' lang='lat' dir='ltr'>effecium</span> <span class='ocrx_word' id='word_1_92' title='bbox 526 2653 581 2730; x_wconf 88' lang='lat' dir='ltr'>est</span> <span class='ocrx_word' id='word_1_93' title='bbox 608 2682 732 2746; x_wconf 92' lang='lat' dir='ltr'>amor,</span> <span class='ocrx_word' id='word_1_94' title='bbox 754 2652 925 2731; x_wconf 87' lang='lat' dir='ltr'>efficiens</span> <span class='ocrx_word' id='word_1_95' title='bbox 954 2651 1010 2729; x_wconf 89' lang='lat' dir='ltr'>est</span> <span class='ocrx_word' id='word_1_96' title='bbox 1036 2653 1180 2746; x_wconf 90' lang='lat' dir='ltr'>otium,</span> <span class='ocrx_word' id='word_1_97' title='bbox 1201 2654 1308 2761; x_wconf 93' lang='lat' dir='ltr'>quod</span> 
     </span>
     <span class='ocr_line' id='line_1_18' title="bbox 153 2764 1309 2873; baseline 0.003 -32"><span class='ocrx_word' id='word_1_98' title='bbox 153 2791 330 2842; x_wconf 88' lang='lat' dir='ltr'>amorem</span> <span class='ocrx_word' id='word_1_99' title='bbox 350 2764 469 2843; x_wconf 90' lang='lat' dir='ltr'>efficit</span> <span class='ocrx_word' id='word_1_100' title='bbox 496 2764 646 2873; x_wconf 90' lang='lat' dir='ltr'>duplici</span> <span class='ocrx_word' id='word_1_101' title='bbox 674 2765 808 2858; x_wconf 92' lang='lat' dir='ltr'>modo,</span> <span class='ocrx_word' id='word_1_102' title='bbox 830 2784 916 2843; x_wconf 90' lang='lat' dir='ltr'>tum</span> <span class='ocrx_word' id='word_1_103' title='bbox 942 2765 1199 2872; x_wconf 87' lang='lat' dir='ltr'>procreando,</span> <span class='ocrx_word' id='word_1_104' title='bbox 1222 2784 1309 2844; x_wconf 93' lang='lat' dir='ltr'>tum</span> 
     </span>
     <span class='ocr_line' id='line_1_19' title="bbox 152 2876 1309 2970; baseline 0.003 -16"><span class='ocrx_word' id='word_1_105' title='bbox 152 2876 427 2970; x_wconf 89' lang='lat' dir='ltr'>conservando,</span> <span class='ocrx_word' id='word_1_106' title='bbox 464 2894 507 2954; x_wconf 93' lang='lat' dir='ltr'>ut</span> <span class='ocrx_word' id='word_1_107' title='bbox 541 2880 582 2956; x_wconf 94' lang='lat' dir='ltr'>in</span> <span class='ocrx_word' id='word_1_108' title='bbox 617 2878 783 2956; x_wconf 93' lang='lat' dir='ltr'>secundo</span> <span class='ocrx_word' id='word_1_109' title='bbox 817 2877 985 2957; x_wconf 90' lang='lat' dir='ltr'>disticho</span> <span class='ocrx_word' id='word_1_110' title='bbox 1022 2877 1143 2957; x_wconf 90' lang='lat' dir='ltr'>Poeta</span> <span class='ocrx_word' id='word_1_111' title='bbox 1177 2879 1309 2958; x_wconf 86' lang='lat' dir='ltr'>docet.</span> 
     </span>
     <span class='ocr_line' id='line_1_20' title="bbox 153 2987 1311 3098; baseline 0.003 -31"><span class='ocrx_word' id='word_1_112' title='bbox 153 2987 365 3097; x_wconf 81' lang='lat' dir='ltr'>Dispositio</span> <span class='ocrx_word' id='word_1_113' title='bbox 394 3006 528 3068; x_wconf 87' lang='lat' dir='ltr'>autem</span> <span class='ocrx_word' id='word_1_114' title='bbox 554 2988 668 3096; x_wconf 90' lang='lat' dir='ltr'>hujus</span> <span class='ocrx_word' id='word_1_115' title='bbox 693 2990 867 3098; x_wconf 86' lang='lat' dir='ltr'>exempli</span> <span class='ocrx_word' id='word_1_116' title='bbox 889 2989 951 3096; x_wconf 87' lang='lat' dir='ltr'>(ut</span> <span class='ocrx_word' id='word_1_117' title='bbox 978 2989 1199 3096; x_wconf 88' lang='lat' dir='ltr'>pleniorem</span> <span class='ocrx_word' id='word_1_118' title='bbox 1227 2991 1311 3096; x_wconf 89' lang='lat' dir='ltr'>ejus</span> 
     </span>
     <span class='ocr_line' id='line_1_21' title="bbox 152 3101 1311 3210; baseline 0.003 -31"><span class='ocrx_word' id='word_1_119' title='bbox 152 3103 320 3208; x_wconf 90' lang='lat' dir='ltr'>analyfin</span> <span class='ocrx_word' id='word_1_120' title='bbox 348 3102 567 3208; x_wconf 89' lang='lat' dir='ltr'>instituam)</span> <span class='ocrx_word' id='word_1_121' title='bbox 590 3102 821 3209; x_wconf 87' lang='lat' dir='ltr'>syllogistica</span> <span class='ocrx_word' id='word_1_122' title='bbox 848 3102 916 3182; x_wconf 91' lang='lat' dir='ltr'>est.</span> <span class='ocrx_word' id='word_1_123' title='bbox 976 3101 1165 3210; x_wconf 81' lang='lat' dir='ltr'>Qaestio,</span> <span class='ocrx_word' id='word_1_124' title='bbox 1187 3131 1311 3210; x_wconf 90' lang='lat' dir='ltr'>quam</span> 
     </span>
     <span class='ocr_line' id='line_1_22' title="bbox 153 3211 1310 3323; baseline 0.004 -32"><span class='ocrx_word' id='word_1_125' title='bbox 153 3215 275 3293; x_wconf 89' lang='lat' dir='ltr'>Poeta</span> <span class='ocrx_word' id='word_1_126' title='bbox 294 3214 604 3293; x_wconf 90' lang='lat' dir='ltr'>concludendam</span> <span class='ocrx_word' id='word_1_127' title='bbox 630 3217 830 3323; x_wconf 86' lang='lat' dir='ltr'>proponit,</span> <span class='ocrx_word' id='word_1_128' title='bbox 851 3211 933 3292; x_wconf 87' lang='lat' dir='ltr'>haec</span> <span class='ocrx_word' id='word_1_129' title='bbox 959 3215 1037 3310; x_wconf 90' lang='lat' dir='ltr'>est;</span> <span class='ocrx_word' id='word_1_130' title='bbox 1070 3214 1310 3323; x_wconf 87' lang='lat' dir='ltr'>fugiendum</span> 
     </span>
     <span class='ocr_line' id='line_1_23' title="bbox 153 3325 1309 3437; baseline 0.005 -34"><span class='ocrx_word' id='word_1_131' title='bbox 153 3326 226 3404; x_wconf 78' lang='lat' dir='ltr'>esse</span> <span class='ocrx_word' id='word_1_132' title='bbox 246 3328 372 3404; x_wconf 91' lang='lat' dir='ltr'>otium</span> <span class='ocrx_word' id='word_1_133' title='bbox 390 3327 441 3418; x_wconf 91' lang='lat' dir='ltr'>ei,</span> <span class='ocrx_word' id='word_1_134' title='bbox 456 3329 524 3435; x_wconf 93' lang='lat' dir='ltr'>qui</span> <span class='ocrx_word' id='word_1_135' title='bbox 542 3326 589 3405; x_wconf 90' lang='lat' dir='ltr'>ab</span> <span class='ocrx_word' id='word_1_136' title='bbox 606 3355 739 3406; x_wconf 88' lang='lat' dir='ltr'>amore</span> <span class='ocrx_word' id='word_1_137' title='bbox 752 3327 941 3407; x_wconf 90' lang='lat' dir='ltr'>immunis</span> <span class='ocrx_word' id='word_1_138' title='bbox 954 3325 1027 3405; x_wconf 83' lang='lat' dir='ltr'>effe</span> <span class='ocrx_word' id='word_1_139' title='bbox 1040 3327 1159 3407; x_wconf 90' lang='lat' dir='ltr'>velit:</span> <span class='ocrx_word' id='word_1_140' title='bbox 1183 3325 1309 3437; x_wconf 76' lang='lat' dir='ltr'>eique</span> 
     </span>
     <span class='ocr_line' id='line_1_24' title="bbox 151 3437 1309 3548; baseline 0.004 -32"><span class='ocrx_word' id='word_1_141' title='bbox 151 3437 303 3517; x_wconf 89' lang='lat' dir='ltr'>duobus</span> <span class='ocrx_word' id='word_1_142' title='bbox 324 3437 554 3544; x_wconf 81' lang='lat' dir='ltr'>syllogismis</span> <span class='ocrx_word' id='word_1_143' title='bbox 573 3439 847 3520; x_wconf 87' lang='lat' dir='ltr'>concluditur:</span> <span class='ocrx_word' id='word_1_144' title='bbox 881 3440 921 3516; x_wconf 92' lang='lat' dir='ltr'>in</span> <span class='ocrx_word' id='word_1_145' title='bbox 948 3441 1070 3547; x_wconf 84' lang='lat' dir='ltr'>priori</span> <span class='ocrx_word' id='word_1_146' title='bbox 1095 3467 1309 3548; x_wconf 87' lang='lat' dir='ltr'>argumen-</span> 
     </span>
     <span class='ocr_line' id='line_1_25' title="bbox 153 3551 1309 3659; baseline 0.005 -32"><span class='ocrx_word' id='word_1_147' title='bbox 153 3569 239 3628; x_wconf 92' lang='lat' dir='ltr'>tum</span> <span class='ocrx_word' id='word_1_148' title='bbox 261 3552 423 3629; x_wconf 89' lang='lat' dir='ltr'>tertium</span> <span class='ocrx_word' id='word_1_149' title='bbox 443 3551 598 3630; x_wconf 88' lang='lat' dir='ltr'>ducitur</span> <span class='ocrx_word' id='word_1_150' title='bbox 620 3553 668 3631; x_wconf 87' lang='lat' dir='ltr'>ab</span> <span class='ocrx_word' id='word_1_151' title='bbox 695 3552 843 3631; x_wconf 72' lang='lat' dir='ltr'>effee‘tis</span> <span class='ocrx_word' id='word_1_152' title='bbox 864 3551 1027 3659; x_wconf 90' lang='lat' dir='ltr'>quidem</span> <span class='ocrx_word' id='word_1_153' title='bbox 1053 3553 1140 3646; x_wconf 88' lang='lat' dir='ltr'>otii,</span> <span class='ocrx_word' id='word_1_154' title='bbox 1161 3556 1309 3634; x_wconf 86' lang='lat' dir='ltr'>amoris</span> 
     </span>
     <span class='ocr_line' id='line_1_26' title="bbox 150 3661 1305 3771; baseline 0.006 -32"><span class='ocrx_word' id='word_1_155' title='bbox 150 3661 244 3741; x_wconf 79' lang='lat' dir='ltr'>vero</span> <span class='ocrx_word' id='word_1_156' title='bbox 278 3663 390 3741; x_wconf 88' lang='lat' dir='ltr'>causa</span> <span class='ocrx_word' id='word_1_157' title='bbox 425 3682 650 3771; x_wconf 90' lang='lat' dir='ltr'>procreante</span> <span class='ocrx_word' id='word_1_158' title='bbox 684 3684 723 3744; x_wconf 92' lang='lat' dir='ltr'>et</span> <span class='ocrx_word' id='word_1_159' title='bbox 757 3663 1021 3757; x_wconf 86' lang='lat' dir='ltr'>conservante,</span> <span class='ocrx_word' id='word_1_160' title='bbox 1046 3662 1122 3742; x_wconf 92' lang='lat' dir='ltr'>hoc</span> <span class='ocrx_word' id='word_1_161' title='bbox 1156 3667 1305 3746; x_wconf 92' lang='lat' dir='ltr'>modo:</span> 
     </span>
     <span class='ocr_line' id='line_1_27' title="bbox 149 3774 1307 3883; baseline 0.003 -29"><span class='ocrx_word' id='word_1_162' title='bbox 149 3776 293 3854; x_wconf 87' lang='lat' dir='ltr'>amoris</span> <span class='ocrx_word' id='word_1_163' title='bbox 315 3803 520 3883; x_wconf 88' lang='lat' dir='ltr'>procreans</span> <span class='ocrx_word' id='word_1_164' title='bbox 548 3795 587 3854; x_wconf 88' lang='lat' dir='ltr'>et</span> <span class='ocrx_word' id='word_1_165' title='bbox 610 3777 835 3857; x_wconf 84' lang='lat' dir='ltr'>conservans</span> <span class='ocrx_word' id='word_1_166' title='bbox 865 3774 978 3855; x_wconf 87' lang='lat' dir='ltr'>causa</span> <span class='ocrx_word' id='word_1_167' title='bbox 996 3775 1153 3855; x_wconf 87' lang='lat' dir='ltr'>vitanda</span> <span class='ocrx_word' id='word_1_168' title='bbox 1177 3779 1235 3857; x_wconf 89' lang='lat' dir='ltr'>est</span> <span class='ocrx_word' id='word_1_169' title='bbox 1254 3781 1307 3872; x_wconf 88' lang='lat' dir='ltr'>ei,</span> 
     </span>
     <span class='ocr_line' id='line_1_28' title="bbox 150 3886 1307 3996; baseline 0.004 -32"><span class='ocrx_word' id='word_1_170' title='bbox 150 3888 219 3995; x_wconf 92' lang='lat' dir='ltr'>qui</span> <span class='ocrx_word' id='word_1_171' title='bbox 239 3886 287 3965; x_wconf 90' lang='lat' dir='ltr'>ab</span> <span class='ocrx_word' id='word_1_172' title='bbox 308 3916 440 3967; x_wconf 89' lang='lat' dir='ltr'>amore</span> <span class='ocrx_word' id='word_1_173' title='bbox 461 3886 543 3996; x_wconf 92' lang='lat' dir='ltr'>ipso</span> <span class='ocrx_word' id='word_1_174' title='bbox 564 3887 663 3966; x_wconf 88' lang='lat' dir='ltr'>liber</span> <span class='ocrx_word' id='word_1_175' title='bbox 679 3889 752 3968; x_wconf 79' lang='lat' dir='ltr'>esse</span> <span class='ocrx_word' id='word_1_176' title='bbox 765 3890 884 3983; x_wconf 91' lang='lat' dir='ltr'>velit;</span> <span class='ocrx_word' id='word_1_177' title='bbox 906 3889 1035 3967; x_wconf 92' lang='lat' dir='ltr'>otium</span> <span class='ocrx_word' id='word_1_178' title='bbox 1048 3887 1141 3967; x_wconf 78' lang='lat' dir='ltr'>vero</span> <span class='ocrx_word' id='word_1_179' title='bbox 1161 3893 1307 3970; x_wconf 84' lang='lat' dir='ltr'>amoris</span> 
     </span>
     <span class='ocr_line' id='line_1_29' title="bbox 148 3999 1307 4107; baseline 0.004 -31"><span class='ocrx_word' id='word_1_180' title='bbox 148 4026 355 4107; x_wconf 87' lang='lat' dir='ltr'>procreans</span> <span class='ocrx_word' id='word_1_181' title='bbox 371 4019 410 4079; x_wconf 91' lang='lat' dir='ltr'>et</span> <span class='ocrx_word' id='word_1_182' title='bbox 429 3999 655 4079; x_wconf 87' lang='lat' dir='ltr'>conservans</span> <span class='ocrx_word' id='word_1_183' title='bbox 671 4001 782 4080; x_wconf 91' lang='lat' dir='ltr'>causa</span> <span class='ocrx_word' id='word_1_184' title='bbox 801 4000 869 4079; x_wconf 92' lang='lat' dir='ltr'>est.</span> <span class='ocrx_word' id='word_1_185' title='bbox 932 4003 1078 4080; x_wconf 93' lang='lat' dir='ltr'>Otium</span> <span class='ocrx_word' id='word_1_186' title='bbox 1099 4001 1222 4107; x_wconf 86' lang='lat' dir='ltr'>igitur</span> <span class='ocrx_word' id='word_1_187' title='bbox 1241 4001 1307 4081; x_wconf 92' lang='lat' dir='ltr'>su-</span> 
     </span>
     <span class='ocr_line' id='line_1_30' title="bbox 147 4110 1307 4218; baseline 0.003 -29"><span class='ocrx_word' id='word_1_188' title='bbox 147 4112 339 4218; x_wconf 88' lang='lat' dir='ltr'>giendum</span> <span class='ocrx_word' id='word_1_189' title='bbox 359 4110 414 4189; x_wconf 91' lang='lat' dir='ltr'>est</span> <span class='ocrx_word' id='word_1_190' title='bbox 434 4114 486 4205; x_wconf 89' lang='lat' dir='ltr'>ei,</span> <span class='ocrx_word' id='word_1_191' title='bbox 506 4114 574 4218; x_wconf 91' lang='lat' dir='ltr'>qui</span> <span class='ocrx_word' id='word_1_192' title='bbox 596 4112 643 4190; x_wconf 90' lang='lat' dir='ltr'>ab</span> <span class='ocrx_word' id='word_1_193' title='bbox 663 4143 797 4192; x_wconf 89' lang='lat' dir='ltr'>amore</span> <span class='ocrx_word' id='word_1_194' title='bbox 817 4112 917 4192; x_wconf 89' lang='lat' dir='ltr'>liber</span> <span class='ocrx_word' id='word_1_195' title='bbox 941 4114 1015 4192; x_wconf 79' lang='lat' dir='ltr'>esse</span> <span class='ocrx_word' id='word_1_196' title='bbox 1035 4113 1144 4192; x_wconf 90' lang='lat' dir='ltr'>velit.</span> <span class='ocrx_word' id='word_1_197' title='bbox 1207 4115 1307 4194; x_wconf 93' lang='lat' dir='ltr'>Pro-</span> 
     </span>
     <span class='ocr_line' id='line_1_31' title="bbox 147 4223 1306 4336; baseline 0.003 -34"><span class='ocrx_word' id='word_1_198' title='bbox 147 4225 286 4332; x_wconf 80' lang='lat' dir='ltr'>positio</span> <span class='ocrx_word' id='word_1_199' title='bbox 306 4223 425 4302; x_wconf 90' lang='lat' dir='ltr'>deest.</span> <span class='ocrx_word' id='word_1_200' title='bbox 490 4223 716 4334; x_wconf 83' lang='lat' dir='ltr'>Assumptio</span> <span class='ocrx_word' id='word_1_201' title='bbox 736 4225 964 4305; x_wconf 91' lang='lat' dir='ltr'>insecundo</span> <span class='ocrx_word' id='word_1_202' title='bbox 984 4224 1152 4306; x_wconf 90' lang='lat' dir='ltr'>disticho</span> <span class='ocrx_word' id='word_1_203' title='bbox 1172 4224 1306 4336; x_wconf 79' lang='lat' dir='ltr'>primo</span> 
     </span>
     <span class='ocr_line' id='line_1_32' title="bbox 148 4336 1305 4448; baseline 0.004 -33"><span class='ocrx_word' id='word_1_204' title='bbox 148 4336 376 4446; x_wconf 79' lang='lat' dir='ltr'>srmpliciter</span> <span class='ocrx_word' id='word_1_205' title='bbox 407 4337 654 4444; x_wconf 90' lang='lat' dir='ltr'>proponitur,</span> <span class='ocrx_word' id='word_1_206' title='bbox 686 4338 827 4417; x_wconf 93' lang='lat' dir='ltr'>deinde</span> <span class='ocrx_word' id='word_1_207' title='bbox 862 4338 983 4417; x_wconf 89' lang='lat' dir='ltr'>altera</span> <span class='ocrx_word' id='word_1_208' title='bbox 1014 4336 1096 4442; x_wconf 86' lang='lat' dir='ltr'>ejus</span> <span class='ocrx_word' id='word_1_209' title='bbox 1130 4367 1219 4448; x_wconf 88' lang='lat' dir='ltr'>pars</span> <span class='ocrx_word' id='word_1_210' title='bbox 1255 4340 1305 4420; x_wconf 89' lang='lat' dir='ltr'>de</span> 
     </span>
    </p>
   </div>
   <div class='ocr_carea' id='block_1_7' title="bbox 0 0 1482 4980">
    <p class='ocr_par' dir='ltr' id='par_1_10' title="bbox 0 0 1482 4980">
     <span class='ocr_line' id='line_1_33' title="bbox 0 0 1482 4980; baseline 0 3"><span class='ocrx_word' id='word_1_211' title='bbox 0 0 1482 4980; x_wconf 95' lang='lat' dir='ltr'> </span> 
     </span>
    </p>
   </div>
  </div>
 </body>
</html>
