2956 4980
161 253 241 336 272
400 216 563 310 Literae
588 207 782 309 Oliverii
808 213 1101 310 Protectoris.

46 456 48 460 <
164 501 365 582 Oliverius
402 503 601 582 Protetlor
634 501 743 609 Reip.
782 499 953 607 Angliae,
985 500 1062 581 &a
1091 497 1321 605 Serenifflmo

219 611 397 722 Principi
437 613 582 692 Carolo
625 612 801 692 Gustavo
841 615 1053 706 Succorum,
1092 611 1320 706 Gothorum,

219 725 537 834 Vandalorumque
557 725 668 830 Regi,
688 725 767 805 &a

246 889 491 970 Sereniffime
513 889 618 981 Rex,

258 1002 343 1079 Um
355 1000 572 1080 amicitiam
589 998 807 1106 Majestatis
824 997 970 1079 Vestrae
986 999 1084 1081 tanti
1101 999 1316 1109 Principis,

285 1110 476 1218 rebusque
496 1110 614 1218 gestis
635 1129 716 1190 tam
737 1111 832 1190 clari
858 1109 1002 1191 merito
1028 1111 1197 1220 plurimi
1218 1109 1315 1190 faci·

162 1250 288 1318 amus,
309 1243 397 1304 tum
413 1225 445 1302 is
456 1223 567 1327 cujus
582 1223 701 1330 operi
718 1220 843 1303 foedus
859 1223 960 1303 inter
972 1251 1041 1304 nos
1055 1223 1315 1302 areiiffimum

162 1337 369 1416 sanctitum
400 1335 471 1430 est,
506 1334 788 1414 Illustriilimus
822 1336 1023 1415 Dominus
1062 1334 1163 1414 Chri
1190 1335 1314 1415 iernus

162 1447 311 1528 Bondus
342 1449 513 1554 Legatos
538 1445 676 1526 Vester
707 1446 1046 1527 Extraordinarius
1077 1446 1229 1525 neceffe
1259 1445 1313 1524 est

163 1579 295 1666 gratus
315 1558 427 1638 nobls
443 1577 483 1638 et
498 1556 824 1639 commendabilis
845 1556 922 1638 hoc
937 1558 1098 1638 nomine
1115 1558 1312 1667 imprimis

162 1669 295 1751 fuerit.
339 1672 463 1749 Hunc
480 1672 612 1780 itaque
627 1666 701 1749 hac
717 1672 933 1777 Legatione
948 1668 1209 1750 laudatiffime
1226 1698 1312 1779 per·

162 1782 343 1864 functum
365 1809 445 1862 non
465 1783 542 1862 fine
563 1783 715 1861 summa
734 1800 960 1863 ceterarum
979 1783 1099 1862 etiam
1118 1784 1311 1862 virtutum

162 1896 411 2003 egregarium
439 1894 552 1973 laude
581 1895 630 1973 ad
661 1922 729 1974 vos
755 1892 1037 1974 dimittendum
1063 1893 1311 1973 censuimus:

162 2025 208 2086 ut
230 2007 301 2115 qui
325 2024 437 2085 antea
462 2007 502 2083 in
530 2006 659 2115 pretio
682 2007 787 2114 apud
811 2035 891 2087 vos·
904 2026 1021 2114 atque
1044 2003 1198 2085 honore
1222 2004 1310 2097 fuit,

163 2145 268 2197 nunc
289 2118 486 2196 uberiores
502 2117 728 2197 affiduitatis
742 2136 859 2227 atque
880 2119 1095 2228 prudentiae
1112 2117 1187 2197 suae
1208 2116 1313 2197 fruc·

163 2249 226 2310 tus
245 2256 296 2308 ex
318 2227 393 2309 hac
421 2229 549 2309 nostra
568 2224 910 2309 commendatione
935 2229 1144 2338 percepiffe
1166 2229 1203 2308 se
1229 2227 1314 2307 sen-

162 2343 247 2422 tiat.
285 2346 386 2452 Qae
398 2341 548 2449 reliqua
561 2341 801 2448 tranfigenda
814 2341 914 2435 sunt,
927 2341 976 2420 de
989 2342 1036 2421 iis
1049 2342 1312 2449 Legationem

162 2454 271 2532 brevi
296 2454 533 2532 mittendam
564 2454 613 2531 ad
645 2451 895 2556 Majestatem
925 2454 1106 2532 Vestram
1134 2453 1314 2533 decrevi·

163 2592 276 2643 must
307 2592 429 2672 quam
456 2565 617 2644 interim
649 2565 761 2643 Deus
793 2564 1035 2644 incolumem
1060 2562 1313 2644 defendenda

162 2675 344 2754 Ecclefiae
363 2675 436 2755 suae
456 2676 611 2782 Reique
632 2675 774 2756 Sueciae
793 2676 975 2755 columen
996 2676 1211 2757 conservet.

250 2789 315 2866 Ex
335 2786 489 2867 Palatio
508 2787 624 2894 nostro
644 2788 702 2866 W
695 2786 959 2896 ssmonqslerii.
980 2788 1107 2897 Julii·

418 2902 500 2978 An.
522 2900 634 2980 Dom.
661 2900 708 2977 16
714 2898 781 3005 56.

330 3019 546 3125 Majestatis
566 3020 712 3098 Vestrae
733 3020 1035 3104 Studiofiffimus

409 3131 602 3212 Oliverius
621 3132 824 3213 Protector
844 3134 1019 3243 Reipub.
1041 3133 1216 3245 Angliae,
1236 3135 1309 3213 &c

239 3456 444 3536 Oliverius
465 3459 577 3537 Prot.
601 3459 710 3566 Reip.
732 3459 902 3567 Angliae,
923 3463 1001 3543 &a
1025 3464 1247 3571 Sereniffimo

325 3567 504 3676 Principi
518 3570 724 3649 Ludovico
747 3571 886 3652 Gallice
905 3575 1006 3681 Regi
1023 3578 1062 3655 S.
1082 3578 1142 3656 D.

162 3740 406 3821 Sereniffime
428 3742 534 3834 Rex,
555 3741 698 3820 Amice
718 3770 762 3821 ac
783 3745 816 3822 F
818 3743 986 3826 oederate

462 3851 695 3947 chariffime,

165 3964 482 4154 DEtulerunt
498 3965 546 4044 ad
574 3991 642 4045 nos
661 3992 731 4073 per
756 3967 939 4048 libellum
956 3969 1176 4080 supplicem
1197 3971 1310 4052 Mer·

148 4167 151 4172 ’
295 4094 443 4155 catores
471 4075 634 4184 quidam
665 4077 908 4186 Londinenses
939 4082 1154 4164 Richardus
1185 4087 1311 4165 Baker

159 4185 316 4293 ejusque
351 4186 458 4279 socii,
491 4216 632 4267 navem
665 4191 861 4297 quandam
895 4194 1160 4301 Anglicanam
1194 4197 1243 4276 ab
1275 4196 1311 4275 se

159 4297 410 4392 conductam,
432 4299 496 4378 cui
517 4327 662 4379 nomen
683 4304 938 4384 vernaculum
966 4302 1043 4388 The
1070 4307 1311 4402 endeavour,

159 4410 353 4517 Magister
376 4411 580 4491 Gulielmus
599 4411 762 4522 Joppus,
784 4417 965 4499 trecentis
982 4440 1102 4530 atque
1122 4421 1315 4503 tredecim
