2956 4980
157 234 235 322 392
475 192 687 328 Epistolae
715 194 994 292 Familiares.

158 373 292 453 studiis
312 373 524 464 intentum,
545 369 593 448 ad
613 369 649 448 se
670 370 799 478 rapuit
816 371 1010 463 invitum;
1036 371 1091 448 ita
1108 389 1243 449 tamen
1263 390 1305 449 ut

158 487 214 564 rei
234 483 361 592 gestae,
382 482 539 588 quando
559 482 599 560 id
624 480 770 561 neceffe
798 500 880 561 erat
904 509 1154 589 nequaquam
1179 483 1306 590 poeni-

159 617 262 675 teat:
295 622 385 674 nam
414 594 454 672 in
474 593 582 672 vanis
607 619 766 701 operam
795 593 1066 701 consumpsisse
1093 621 1175 686 me,
1202 594 1308 701 quod

159 711 321 786 innuere
341 705 497 798 videris,
519 707 634 811 longe
654 704 773 797 abest,
800 725 843 783 ut
866 724 1018 811 putem.
1080 704 1237 783 Verum
1263 705 1310 783 de

159 817 220 899 his
240 819 357 910 alias;
379 836 422 896 tu
444 817 616 910 tandem,
632 818 706 894 Vir
727 816 974 909 Dostissime,
995 843 1043 894 ne
1061 834 1099 895 te
1113 817 1309 924 prolixius

159 930 372 1021 detineam,
392 929 499 1020 vale;
528 955 672 1034 meque
693 929 733 1005 in
754 929 830 1007 tuis
850 955 1025 1006 numera.

247 1038 564 1148 Westmonasterio‚
585 1040 685 1143 Julii
706 1041 745 1118 6.
772 1041 816 1118 16
822 1065 887 1145 54.

372 1462 435 1546 15.
468 1435 661 1519 Leonardo
681 1436 855 1519 Philam
873 1434 1101 1542 Athenierfi.
1182 1446 1189 1457 '

163 1602 341 1793 CUm
356 1602 427 1681 sim
443 1598 465 1679 a
480 1601 646 1709 pueritia
661 1601 780 1679 totius
790 1600 922 1679 Graeci
930 1599 1116 1691 nominis,
1132 1595 1312 1678 tuardm·

282 1742 359 1820 que
380 1714 421 1792 in
441 1714 578 1821 primis
597 1711 836 1792 Athenarum
863 1711 1004 1805 cultor,
1030 1710 1058 1788 sr
1083 1712 1172 1817 quis
1198 1711 1311 1802 alius,

163 1842 251 1903 tum
271 1852 347 1915 una
367 1822 444 1904 hoc
463 1823 615 1931 semper
633 1820 734 1901 mihi
758 1822 1080 1930 persuasissimum
1101 1820 1311 1914 habebam,

163 1932 246 2013 fore
263 1956 307 2014 ut
322 1936 389 2014 illa
404 1933 496 2014 urbs
512 1934 735 2042 praeclaram
747 1934 956 2042 aliquando
972 1935 1172 2014 redditura
1184 1935 1313 2012 vicem

162 2045 253 2126 esset
273 2045 550 2125 benevolentiae
569 2072 660 2152 erga
680 2046 717 2125 se
738 2074 847 2125 meae.
909 2048 1054 2155 Neque
1074 2044 1203 2124 defuit
1225 2044 1312 2124 sane

163 2175 237 2236 tuae
257 2159 394 2237 Patriae
415 2157 677 2237 Nobiliffimae
695 2159 878 2266 antiquus
897 2158 964 2237 ille
984 2161 1123 2265 genius
1144 2157 1312 2263 augurio

164 2296 277 2362 meo;
303 2267 488 2377 deditque
505 2288 542 2348 te
556 2268 666 2349 nobis
681 2289 720 2348 et
733 2296 968 2376 germanum
984 2270 1159 2350 Atticam
1173 2290 1214 2348 et
1228 2268 1312 2349 nos·

163 2384 213 2460 tri
226 2382 531 2461 amantissimum
546 2411 555 2458 :
589 2383 674 2492 Qi
689 2409 769 2475 me,
786 2381 935 2490 scriptis
952 2382 1141 2461 duntaxat
1155 2399 1312 2474 notum,

163 2512 203 2572 et
223 2494 316 2571 locis
336 2492 415 2602 ipse
435 2493 647 2596 disjunstus
663 2492 938 2572 humaniffime
952 2523 1020 2602 per
1033 2494 1183 2573 Literas
1200 2518 1312 2572 com·

163 2604 382 2712 pellaveris,
403 2627 442 2683 et
465 2604 671 2683 Londinum
691 2605 822 2713 postea
843 2607 1064 2713 inopinatus
1089 2605 1312 2696 adveniens

164 2714 362 2822 visensque
377 2742 453 2796 non
467 2715 681 2808 videntem,
695 2719 813 2796 etiam
831 2719 870 2794 in
884 2745 928 2795 ea
942 2717 1178 2809 calamitate,
1192 2744 1313 2824 prop-

164 2846 222 2906 ter
241 2856 361 2934 quam
383 2828 623 2936 conspectior
644 2830 808 2921 nemini,
834 2828 1050 2937 despestior
1073 2829 1211 2908 multis
1232 2826 1313 2907 for-

166 2939 255 3018 tasse
286 2941 371 3031 sim,
401 2940 538 3018 eadem
568 2938 840 3019 benevolentia
869 2939 1123 3048 prosequaris.
1204 2941 1314 3018 Cum

167 3052 297 3157 itaque
329 3050 470 3130 author
496 3049 597 3129 mihi
629 3052 688 3143 fis,
717 3072 761 3130 ut
787 3050 886 3130 visus
918 3051 1171 3158 recuperandi
1204 3051 1313 3160 spem

164 3189 326 3240 omnem
340 3190 387 3240 ne
401 3161 597 3267 abjiciam,
609 3162 750 3242 habere
765 3183 803 3242 te
815 3165 989 3242 amicum
1002 3191 1046 3241 ac
1059 3162 1314 3242 necessarium

166 3291 280 3351 tuum
301 3274 460 3377 Parpsis
475 3270 696 3353 Terrenorum
709 3276 934 3367 Medicum,
956 3277 995 3351 in
1015 3275 1195 3352 curandis
1216 3301 1314 3380 prae-

166 3382 297 3461 sertim
318 3385 441 3463 oculis
461 3385 827 3493 praestantiffimum,
854 3414 974 3492 quem
999 3386 1043 3466 s1s
1064 3386 1111 3464 de
1132 3390 1232 3465 meis
1251 3386 1310 3463 lu·

166 3494 339 3572 minibus
358 3496 616 3588 consulturus,
634 3499 660 3575 fi
681 3498 800 3576 modo
816 3499 1010 3606 acceperis
1031 3495 1053 3575 ὲ
1072 3524 1136 3574 me
1157 3496 1262 3575 unde
1283 3498 1315 3575 is

165 3603 293 3683 causas
307 3605 435 3682 morbi
451 3625 490 3684 et
505 3606 766 3715 symptomata
778 3608 893 3717 poffit
906 3610 1123 3713 intelligere
1137 3639 1147 3702 3
1170 3607 1315 3687 faciam

166 3716 352 3823 equidem
372 3717 478 3824 quod
499 3715 678 3811 hortaris
704 3747 751 3798 ne
779 3721 951 3800 oblatam
972 3721 1233 3826 undecunque
1253 3720 1315 3798 di-

166 3828 310 3906 vinitus
327 3826 488 3907 fortaffis
504 3857 622 3937 opem
636 3832 838 3939 repudiare
856 3833 998 3911 videar.
1047 3832 1315 3925 Decennium,

164 3941 320 4046 opinor,
341 3941 429 4048 plus
450 3943 579 4020 minus
605 3942 673 4033 est,
699 3972 750 4021 ex
778 3972 856 4051 quo
880 3943 1075 4022 debilitari
1101 3962 1218 4049 atque
1244 3941 1316 4022 ha-

167 4049 318 4128 bescere
337 4051 462 4130 visum
486 4052 579 4131 sensr
605 4052 823 4162 eode'mque
848 4075 1024 4163 tempore
1048 4054 1209 4146 lienem,
1238 4054 1315 4133 vis·

167 4159 332 4269 cerisque
352 4164 485 4241 omnia
505 4167 670 4271 gravari,
695 4164 923 4273 flatibusque
945 4167 1102 4269 vexari:
1134 4184 1175 4244 et
1197 4194 1316 4245 mane

166 4273 343 4381 quidem,
361 4274 485 4382 siquid
505 4303 576 4383 pro
597 4304 705 4355 more
727 4278 855 4383 legere
876 4278 1089 4387 coepiffem,
1111 4278 1217 4357 oculi
1240 4278 1316 4357 sta-

144 4389 238 4465 tim
258 4386 412 4494 penitus
433 4384 577 4479 dolere,
596 4389 883 4497 lestionemque
906 4389 1099 4496 refugere,
1123 4390 1208 4498 post
1229 4419 1316 4470 rne-
