2956 4980
164 230 247 305 400
475 184 689 320 Epistolae
718 184 996 283 Familiares.

160 363 321 456 toniana
345 362 407 438 vel
436 361 691 452 emendanda,
716 359 779 439 vel
813 360 932 440 dubia
963 362 990 440 sr
1017 381 1141 455 erant,
1169 359 1312 440 confir-

162 473 304 552 manda
323 473 481 567 curavi;
514 492 559 552 ut
583 499 634 551 ex
661 471 810 550 reddita
833 469 900 552 hic
932 474 1003 552 tibi
1036 491 1103 553 tua
1133 471 1312 552 chartula

64 644 69 649 -
161 585 383 694 perspicies.
445 584 567 694 Qod
587 602 719 662 autem
740 582 833 662 scire
854 584 981 693 cupis,
1006 612 1106 664 num
1130 585 1255 664 etiarn
1274 585 1312 660 in

160 724 248 775 arce
265 693 485 800 Londinerfi
497 693 804 824 Autographum
825 692 940 801 hujus
957 696 1068 776 Libri
1087 713 1215 789 extet,
1230 694 1315 774 misr

161 807 284 915 quiid
301 826 489 915 quaereret
503 834 554 886 ex
571 806 713 898 feriali,
727 834 792 886 cur
781 808 997 887 Αᾶοωιη
1012 807 1190 887 custodia
1203 834 1313 886 man·

162 923 249 998 data
270 919 340 1012 est,
368 937 409 997 et
427 946 507 1025 quo
528 918 606 1027 ipse
628 938 716 997 utor
736 918 1003 997 familiariter:
1036 919 1278 1028 respondit
1268 945 1313 1009 rs,

162 1031 318 1109 nullum
337 1031 541 1138 exemplar
559 1029 665 1108 illius
686 1029 797 1108 Libri
818 1031 864 1110 iis
881 1031 922 1108 in
946 1031 1219 1110 monumentis
1243 1057 1313 1109 ex·

161 1162 255 1222 tare.
315 1141 384 1221 Tu
403 1141 568 1220 viciffim
593 1168 714 1249 quam
743 1140 845 1220 mihi
865 1170 1026 1250 operam
1051 1141 1180 1222 defers
1207 1143 1249 1220 in
1273 1170 1312 1220 re

160 1252 317 1332 libraria
333 1253 590 1361 procuranda,
619 1271 846 1361 pergratum
870 1251 1019 1334 habeo:
1052 1254 1193 1334 desunt
1212 1252 1312 1333 mihi

161 1393 211 1445 ex
243 1365 468 1472 Byzantinis
496 1364 696 1457 Historiis,
736 1365 958 1473 Theophanis
983 1363 1314 1472 Chronographia

165 1479 291 1557 Graec.
315 1479 409 1555 Lat.
436 1475 505 1556 fol.
535 1476 722 1584 Constant.
749 1477 929 1582 Manaffls
951 1479 1197 1557 Breviarium
1218 1475 1313 1555 His-

162 1591 348 1680 toricum,
362 1607 401 1666 et
416 1589 562 1667 Codini
576 1591 775 1695 Excerpta
788 1588 1042 1696 deAntiquit.
1057 1591 1108 1667 C.
1126 1590 1171 1668 P.
1184 1590 1310 1668 Graec.

162 1702 257 1781 Lat.
284 1697 355 1778 fol.
377 1699 569 1807 Ancssasti
580 1698 873 1779 Bibliothecarii
896 1700 1002 1779 Hist.
1025 1719 1064 1780 et
1083 1701 1187 1778 Vitae
1208 1701 1311 1780 Rom.

162 1810 344 1891 Pontific.
374 1808 444 1890 fol.
466 1810 609 1917 quibus
628 1811 848 1891 Michaelem
872 1812 1038 1920 Glycam,
1062 1832 1102 1892 et
1124 1812 1312 1919 Joannem

161 1922 389 2013 Sinnamum,
406 1925 533 2000 Annae
551 1924 751 2002 Commenae
765 1923 1090 2005 Continuatorern
1104 1952 1156 2003 ex
1171 1923 1312 2003 eadem

161 2030 459 2160 Typographia,
470 2033 630 2112 fimodo
644 2034 887 2141 prodierunt,
895 2062 992 2142 rogo
1003 2035 1176 2140 adjrcras
1190 2064 1312 2144 quarn

160 2173 278 2253 queas
292 2145 459 2223 minimo
475 2172 552 2223 non
568 2144 691 2236 add03
714 2172 808 2224 cum
822 2145 943 2252 quod,
959 2147 998 2225 id
1016 2166 1060 2226 ut
1074 2167 1112 2227 te
1125 2175 1311 2226 moneam

160 2256 366 2337 hominem
380 2255 696 2362 frugalissimum,
711 2285 788 2336 non
802 2257 857 2336 est
871 2285 985 2366 opus,
997 2278 1083 2339 tum
1099 2257 1210 2368 quod
1223 2286 1312 2367 pre-

162 2370 264 2448 tium
284 2396 423 2447 eorum
434 2369 645 2447 Librorum
665 2388 819 2448 certum
839 2368 912 2448 effe
932 2371 1055 2466 aiunt,
1074 2389 1114 2450 et
1125 2371 1311 2449 omnibus

162 2500 325 2559 notum:
349 2507 532 2560 nummos
550 2480 605 2558 D.
624 2481 803 2588 Stuppius
823 2481 1027 2560 numerato
1049 2481 1083 2561 se
1104 2482 1177 2561 tibi
1197 2510 1311 2561 cura·

163 2611 296 2670 turum
326 2593 487 2697 recepit,
520 2618 591 2669 nec
617 2618 695 2670 non
719 2593 839 2671 etiam
867 2593 916 2669 de
938 2594 1122 2687 Vedium,
1152 2622 1240 2702 quae
1267 2595 1312 2672 fit

159 2702 486 2795 commodissima,
514 2701 774 2830 provisurum.
834 2705 923 2809 Ego
949 2732 1041 2784 vero
1064 2734 1151 2814 quae
1174 2726 1218 2784 tu
1239 2707 1311 2799 via,

160 2842 323 2923 quaeque
343 2833 468 2921 optas,
489 2815 607 2923 cupio
629 2814 700 2892 tibi
720 2815 866 2893 omnia.
927 2817 1038 2897 Vale.

247 2924 567 3032 Wssmonasterio,
587 2926 729 3005 Martii
751 2951 816 3028 24.
841 2927 886 3003 16
892 2929 958 3031 56.

289 3351 355 3406 22.
388 3327 520 3407 Nobili
532 3326 773 3465 'Adolffcmti
790 3325 989 3407 Richardo
1008 3326 1181 3431 Jonesro.

263 3485 409 3564 Ardius
435 3486 562 3565 multo
593 3487 727 3594 accepi
748 3487 897 3565 Literas
923 3506 1007 3567 tuas
1030 3513 1151 3593 quam
1177 3484 1309 3564 abste

291 3595 386 3674 datae
405 3596 504 3687 sunt,
525 3596 612 3704 post
630 3598 858 3703 quindecim
879 3618 976 3706 puto
997 3599 1079 3677 dies
1103 3624 1225 3704 quam
1250 3595 1310 3674 se-

160 3706 289 3815 pofitae
304 3706 449 3786 alicubi
468 3707 571 3816 apud
593 3727 758 3787 matrem
774 3709 1022 3789 delituissent.
1082 3711 1148 3787 Ex
1162 3707 1310 3815 quibus

161 3820 318 3899 tandem
332 3819 504 3899 studium
517 3847 608 3926 erga
621 3847 686 3899 me
701 3839 814 3900 tuum
828 3822 1007 3929 gratique
1019 3820 1140 3900 animi
1155 3819 1310 3898 sensum

160 3931 408 4011 libentiffime
425 3933 617 4039 cognovi:
640 3961 728 4011 mea
747 3952 851 4012 certe
865 3960 958 4039 erga
978 3952 1016 4012 te
1035 3932 1310 4011 benevolentia

159 4044 385 4152 monit'aque
403 4044 595 4137 fidiffima,
612 4071 738 4151 neque
759 4046 919 4153 optima
938 4045 1073 4124 matris
1089 4063 1163 4124 tuae
1177 4043 1227 4122 de
1241 4071 1310 4121 me

158 4155 337 4263 opinioni
357 4174 473 4263 atque
490 4155 654 4247 fiducia,
669 4183 795 4263 neque
813 4155 936 4234 indoli
957 4175 1031 4235 tuae
1048 4182 1225 4262 unquam
1241 4154 1311 4233 de-

159 4265 281 4345 fuere.
342 4266 411 4345 Est
429 4267 607 4373 quidem,
629 4286 673 4346 ut
691 4267 836 4359 scribiS,
857 4267 1093 4347 amoenitatis
1112 4285 1230 4373 atque
1250 4266 1310 4345 sa·

157 4379 350 4458 lubritatis
375 4407 422 4457 eo
448 4380 488 4456 in
515 4378 615 4471 loco,
641 4405 721 4485 quo
747 4406 851 4458 nunc
875 4378 1070 4472 receffisti,
1096 4377 1152 4458 est
1178 4395 1217 4457 et
1237 4378 1309 4455 Li-
