2956 4980
162 224 245 330 436
405 161 409 167 i
444 200 737 300 Prolufiones
765 206 1004 300 Oratoriae.

164 381 316 460 duobus
328 379 457 459 modis
469 378 573 488 polle
585 379 755 486 intelligi
768 379 981 457 naturalem
994 376 1312 483 conjundtionem

165 493 336 571 materia
354 520 448 571 cum
467 492 698 598 quantitate,
717 491 864 569 ratione
882 490 1006 568 solum
1027 492 1215 599 potentiae
1235 487 1313 596 pas·

165 605 249 682 srvae
275 603 503 682 intrinsecus
530 603 665 681 naturai
696 601 761 680 sud
788 602 1016 710 postulantis
1043 603 1166 682 talem
1197 599 1315 679 affec·

165 717 338 809 tionem;
362 716 612 823 nequeenim
624 713 703 792 ulla
716 714 888 821 impellit
902 713 1115 807 necellitas,
1128 731 1174 791 ut
1188 712 1315 791 omnis

165 828 296 907 innata
316 829 531 936 proprietas
551 825 595 904 fit
613 824 744 903 debita
764 824 933 930 subjecto
954 826 1103 904 ratione
1127 823 1316 934 principii

165 940 304 1032 activi;
328 966 497 1046 namque
519 937 717 1016 interdum
736 936 876 1017 sufficit
897 938 1102 1045 paffivum‚
1123 965 1207 1045 quo
1228 963 1315 1012 mo·

164 1052 216 1131 do
251 1051 368 1130 multi
401 1051 611 1159 opinantur
650 1067 807 1128 motum
838 1049 910 1128 effe
946 1048 1164 1128 naturalem
1199 1047 1314 1126 coelo.

165 1161 345 1241 Secundo
364 1161 490 1269 potest
509 1181 549 1239 et
573 1161 743 1267 intelligi
770 1189 839 1269 per
861 1159 1109 1240 intrinsecam
1135 1159 1316 1238 dimana-

164 1275 315 1353 tionem
334 1276 515 1364 activam,
528 1285 623 1351 cum
643 1273 682 1349 in
704 1272 740 1351 se
759 1270 900 1351 habeat
912 1300 1044 1351 veram
1065 1289 1105 1350 et
1120 1270 1317 1350 actualem

165 1385 378 1464 effentiam.
438 1384 513 1463 Sed
534 1412 606 1463 nec
631 1383 759 1464 adhuc
779 1385 908 1464 omnis
931 1385 1064 1464 amiffa
1085 1384 1172 1492 spes
1192 1384 1316 1462 victo-

165 1499 252 1591 riae;
276 1499 421 1577 iterum
438 1498 546 1575 enim
561 1495 663 1575 facto
680 1497 832 1603 impetu
846 1496 1087 1588 adoriuntur,
1102 1494 1316 1574 inferentes

162 1608 253 1689 ideo
273 1608 444 1688 formam
467 1609 598 1687 medii
621 1610 838 1715 quantitate
871 1610 910 1686 in
935 1609 1143 1687 materiam
1174 1607 1315 1715 recipi,

162 1722 352 1828 quoniam
379 1720 478 1800 inest
509 1722 679 1800 materiae
704 1721 836 1829 prius:
871 1747 941 1799 nos
967 1718 989 1799 ὲ
1014 1738 1150 1798 contra
1180 1737 1317 1828 aperte

163 1833 421 1912 reclamamus
441 1831 537 1911 huic
556 1831 731 1940 sequelae,
744 1851 784 1911 et
804 1830 1063 1912 nihilominus
1082 1858 1164 1938 quo
1179 1833 1317 1909 omnia

161 1943 348 2050 poffimus
361 1944 461 2022 salva
474 1943 648 2038 reddere,
661 1943 735 2023 hac
751 1945 902 2024 utimur
913 1943 1177 2036 distinctione,
1191 1944 1317 2050 recipi

162 2052 332 2134 formam
364 2057 405 2133 in
437 2056 642 2134 materiam
673 2056 803 2135 medid
825 2057 1042 2164 quantitate
1076 2073 1122 2134 ut
1151 2054 1316 2163 dispost-

163 2167 283 2260 tione,
308 2167 372 2247 seu
395 2166 621 2246 conditione
647 2167 866 2262 neceffariai,
887 2196 1026 2247 verum
1054 2167 1163 2246 nullo
1191 2165 1316 2246 modo

163 2297 351 2386 tanquam
376 2279 552 2388 potentid
572 2281 754 2389 proxime
775 2280 972 2388 receptiva
991 2278 1141 2360 formae.
1204 2279 1317 2357 Ulti-

162 2389 245 2485 mo,
268 2391 317 2472 fic
337 2411 520 2498 arguunt,
538 2391 564 2469 fi
584 2394 778 2499 quantitas
798 2393 886 2471 infit
905 2394 1075 2472 materiae
1094 2391 1163 2471 soli
1184 2390 1318 2499 sequi-

164 2521 227 2582 tur
262 2503 335 2582 effe
374 2503 683 2610 ingenerabilem
723 2525 762 2582 et
801 2503 1165 2613 incorruptibilem;
1206 2504 1318 2611 quod

163 2613 316 2693 videtur
335 2643 566 2723 repugnare,
595 2616 687 2722 quia
710 2635 842 2695 motus
865 2645 935 2726 per
961 2616 997 2695 se
1022 2617 1065 2696 fit
1085 2615 1132 2694 ad
1153 2617 1318 2722 quanti-

162 2744 297 2805 tatem.
369 2727 427 2804 At
465 2754 534 2806 nos
572 2729 709 2834 utique
749 2727 940 2835 largimur
976 2727 1317 2835 consequentiam,

161 2839 310 2947 quippe
331 2865 464 2917 revera
483 2840 677 2945 quantitas
697 2838 753 2917 est
773 2840 1078 2948 incorruptibilis
1097 2839 1230 2946 quoad
1256 2839 1317 2918 su-

162 2978 227 3028 am
248 2951 468 3045 entitatem,
493 2952 585 3029 licet
609 2953 739 3057 quoad
759 2953 882 3031 varios
908 2953 1095 3031 terminos
1115 2951 1233 3059 poffit
1252 2954 1315 3031 in-

161 3062 292 3169 cipere
305 3081 345 3141 et
355 3062 525 3141 definere
539 3063 612 3142 effe
625 3092 695 3171 per
704 3065 1021 3169 conjunctionem
1030 3082 1069 3142 et
1079 3063 1315 3144 divifionem

161 3175 403 3281 quantitatis,
425 3203 552 3282 neque
572 3177 680 3253 enim
700 3176 757 3254 est
776 3204 846 3284 per
865 3175 901 3254 se
922 3197 1053 3257 motus
1078 3174 1128 3253 ad
1152 3179 1315 3283 quanti-

161 3288 249 3365 tatis
275 3286 591 3396 productionem,
618 3287 682 3366 sed
706 3287 754 3366 ad
780 3289 1065 3382 accretionem;
1097 3307 1138 3367 et
1166 3315 1240 3367 nec
1266 3318 1315 3368 eo

162 3396 206 3475 fit
225 3398 332 3504 quafi
352 3426 451 3478 nova
471 3400 666 3506 quantitas
681 3400 844 3507 incipiat
862 3399 935 3478 effe
951 3401 990 3478 in
1008 3427 1140 3478 rerum
1158 3419 1313 3493 natura,

160 3506 223 3586 sed
243 3537 291 3586 eo
310 3510 417 3616 quod
438 3537 515 3588 una
535 3513 731 3618 quantitas
754 3512 985 3618 adjungatur
1009 3511 1136 3602 alteri,
1161 3531 1202 3590 et
1225 3540 1314 3619 quae

160 3638 242 3699 erat
265 3620 390 3698 aliena
415 3619 459 3699 fit
480 3623 652 3729 propria.
715 3622 867 3702 Poffem
893 3623 1079 3730 equidem
1107 3624 1222 3731 plura
1250 3653 1314 3702 ar-

160 3750 350 3838 gumenta
381 3731 484 3811 ultro
507 3735 685 3840 citroque
712 3733 900 3842 proferre,
930 3763 1017 3843 quae
1045 3754 1178 3816 tamen
1209 3737 1314 3815 taedii

162 3844 317 3924 levandi
335 3845 460 3952 gratia
479 3846 758 3953 praetermitto;
788 3845 853 3926 hic
879 3849 999 3954 igitur
1018 3846 1133 3928 satius
1153 3848 1229 3926 erit
1249 3876 1314 3927 re·

160 3959 294 4066 ceptui
314 3984 466 4038 canere.
