2956 4980
159 256 240 334 442
444 211 738 310 Prolufiones
764 216 1005 312 Oratoriae.

160 392 187 471 fi
204 392 275 500 ipsa
292 391 506 471 Democrito
522 389 686 469 materia
694 387 778 492 jam
800 388 953 468 ridendi
967 389 1128 469 deesset.
1161 392 1312 469 Verum

159 503 248 582 date
265 502 391 610 quaeso
411 503 581 594 veniam,
601 500 838 593 Auditores;
870 498 938 580 hic
962 504 1074 580 enim
1099 501 1312 582 hodiernus

159 642 260 709 mos,
286 633 375 693 utut
394 641 469 721 ego
489 612 649 693 liberius
668 611 788 719 paulo
807 611 895 691 sum
914 614 1084 709 locutus,
1109 615 1202 694 sane
1225 615 1312 721 qui-

159 727 251 806 dem
273 754 351 806 non
370 726 426 805 est
445 727 615 833 ineptus,
639 723 704 803 sed
729 724 905 831 impense
931 727 1065 833 potius
1088 726 1311 819 laudabilis,

158 837 267 947 quod
282 836 446 945 quidem
465 863 541 943 ego
552 836 638 942 jam
655 831 754 915 mihi
771 836 957 944 proposui
977 837 1109 918 statim
1131 838 1312 918 luculen-

160 951 236 1030 tius
266 947 498 1058 patefacere.
561 948 682 1058 Qud
713 946 741 1024 fi
769 946 917 1055 Junius
940 952 1090 1030 Brutus
1119 951 1311 1030 secundus

160 1061 228 1140 ille
248 1063 304 1139 rei
321 1062 498 1140 Romanae
513 1061 707 1153 conditor,
730 1087 896 1166 magnus
916 1062 982 1140 ille
1002 1062 1106 1142 ultor
1126 1063 1246 1169 regiae
1265 1064 1311 1142 li-

160 1172 320 1264 bidinis,
341 1173 522 1252 animum
541 1199 664 1281 prope
679 1171 771 1250 Diis
790 1174 1082 1254 immortalibus
1104 1202 1262 1283 parem,
1276 1193 1314 1255 et

160 1283 371 1364 mirificam
391 1284 566 1363 indolem
586 1284 831 1363 fimulatione
851 1285 1040 1365 vecordiae
1067 1285 1311 1395 supprimere

161 1396 362 1490 sustinuit;
393 1415 497 1475 certe
518 1392 618 1474 nihil
638 1395 707 1488 est,
728 1423 799 1474 cur
822 1425 887 1475 me
911 1396 1056 1506 pudeat
1082 1399 1310 1506 aliquantis·

162 1537 232 1618 per
248 1510 443 1618 μοροσοφῶς
460 1508 615 1614 nugari,
640 1507 722 1612 ejus
742 1508 952 1615 praesertim
970 1508 1090 1615 juffu,
1116 1510 1232 1616 cujus
1251 1513 1310 1589 in-

163 1621 292 1715 terest,
308 1640 493 1727 tanquam
506 1620 626 1698 aedilis
640 1616 711 1698 hos
727 1620 834 1726 quafi
847 1620 1021 1701 solennes
1032 1620 1147 1701 ludos
1161 1649 1309 1701 curare.

162 1733 272 1811 Tum
286 1759 357 1811 nec
377 1731 626 1811 mediocriter
642 1758 707 1809 me
727 1730 906 1838 pellexit,
924 1750 964 1811 et
982 1733 1164 1812 invitavit
1180 1735 1229 1812 ad
1247 1732 1312 1814 has

160 1863 288 1950 partes
306 1843 522 1923 subeundas
534 1842 671 1937 vestra,
684 1870 753 1922 vos
772 1845 843 1950 qui
856 1842 1027 1950 ejusdem
1042 1844 1131 1924 estis
1149 1873 1309 1926 mecum

163 1954 351 2061 Collegii,
372 1957 412 2034 in
433 1983 498 2033 me
525 1955 752 2062 nuperrime
776 1975 979 2063 comperta
1006 1954 1191 2050 facilitas,
1218 1985 1311 2037 cum

161 2065 269 2145 enim
289 2087 377 2146 ante
396 2059 609 2175 praeteri'tos
629 2065 778 2145 menses
791 2067 964 2175 aliquam
979 2068 1127 2147 multos
1142 2073 1313 2150 oratorio

163 2178 267 2286 apud
294 2207 362 2259 vos
394 2206 557 2258 munere
587 2176 861 2287 perfuncturus
889 2178 1022 2272 essem,
1053 2199 1313 2289 putaremque

161 2289 449 2370 lucubrationes
467 2318 572 2370 meas
586 2291 875 2398 qualescunque
892 2290 1010 2370 etiam
1031 2291 1203 2398 ingratas
1218 2322 1313 2402 pro-

160 2405 378 2511 pemodum
395 2402 558 2496 futuras,
580 2422 618 2481 et
638 2403 814 2482 mitiores
833 2400 1031 2482 habituras
1042 2403 1198 2507 judices
1211 2406 1310 2484 AEa-

162 2543 243 2593 cum
272 2534 311 2595 et
335 2514 482 2608 Mirm,
511 2540 631 2621 quam
656 2512 677 2592 ὲ
708 2512 818 2594 vobis
848 2511 929 2593 fere
958 2513 1194 2622 quemlibet,
1226 2516 1313 2596 sane

162 2645 300 2734 praeter
323 2628 552 2734 opinionem
578 2653 724 2718 meam,
752 2644 888 2735 praeter
915 2655 1045 2705 meam
1066 2627 1093 2705 fi
1113 2629 1213 2733 quid
1231 2650 1314 2709 erat

162 2736 340 2847 speculae,
358 2766 435 2817 non
449 2739 601 2845 vulgari
617 2737 727 2816 ficuti
746 2765 821 2844 ego
841 2740 990 2847 accepi,
1007 2739 1090 2817 imo
1106 2738 1188 2846 ipse
1203 2740 1311 2834 sensi,

163 2851 345 2929 omnium
364 2850 500 2958 plausu
520 2869 693 2958 exceptae
715 2849 815 2942 sunt,
843 2851 969 2930 immo
989 2878 1143 2943 eorum,
1173 2854 1245 2958 qui
1272 2856 1311 2931 in

162 2991 227 3041 me
248 2962 341 3041 alias
361 2981 522 3070 propter
540 2960 755 3040 studiorum
771 2962 921 3041 diffidia
937 2961 1055 3041 effent
1073 2963 1230 3071 prorsus
1250 2966 1312 3043 in-

161 3070 268 3151 fenso
288 3092 327 3154 et
341 3075 504 3153 inimico
520 3073 676 3152 animo:
699 3073 931 3180 generosum
950 3075 1085 3182 utique
1101 3075 1310 3157 fimultatis

161 3186 385 3264 exercenda
400 3214 537 3294 genus,
554 3205 593 3264 et
609 3186 718 3291 regio
734 3190 890 3294 pedore
906 3214 984 3264 non
1001 3186 1214 3294 indignum
1230 3220 1239 3283 ;
1263 3190 1311 3268 sr-

162 3297 325 3403 quidem
345 3325 439 3377 cum
463 3297 541 3406 ipsa
564 3297 739 3376 amicitia
759 3297 996 3406 plerumque
1025 3299 1152 3379 multa
1181 3301 1312 3380 incul-

162 3429 250 3516 pate
272 3408 371 3487 fasta
398 3409 630 3517 detorquere
657 3409 790 3502 soleat,
823 3429 916 3490 tunc
946 3409 1123 3519 profesto
1150 3414 1250 3492 acris
1273 3434 1312 3493 et

160 3517 299 3597 infesta
318 3520 525 3600 inimicitia
542 3541 666 3600 errata
682 3520 838 3602 forfitan
855 3523 993 3615 multa,
1011 3542 1050 3602 et
1065 3523 1170 3602 haud
1187 3553 1312 3633 pauca

163 3628 239 3710 fine
255 3630 377 3709 dubio
394 3632 573 3712 indiserte
589 3633 707 3727 dista,
721 3634 861 3714 leniter
877 3655 916 3714 et
935 3634 1170 3713 clementius
1190 3665 1312 3744 quam

164 3771 300 3822 meum
340 3762 421 3823 erat
461 3745 648 3823 meritum
678 3746 924 3854 interpretari
954 3773 1032 3824 non
1062 3748 1311 3851 gravabatur.

162 3856 255 3959 Jam
277 3855 395 3935 semel
420 3858 537 3936 unico
562 3856 638 3936 hoc
665 3858 851 3966 exemplo
871 3858 931 3936 vel
960 3856 1038 3964 ipsa
1066 3856 1230 3937 demens
1260 3861 1315 3940 ira

163 3969 308 4046 mentis
328 3995 491 4077 compos
513 3967 624 4048 fuisse
643 3970 861 4061 videbatur,
887 3990 926 4048 et
949 3967 1026 4047 hoc
1046 3967 1150 4048 fastu
1171 3969 1314 4052 furoris

163 4076 370 4157 infamiam
386 4080 558 4160 abluisse.
618 4084 675 4159 At
689 4110 781 4160 vero
801 4080 1049 4189 summopere
1069 4080 1261 4175 obleslor,
1275 4104 1314 4163 et

162 4191 309 4268 mirum
330 4190 370 4284 iu
391 4194 556 4271 modum
575 4194 776 4300 voluptate
792 4190 1022 4300 perfundor,
1040 4219 1135 4271 eum
1155 4193 1313 4274 videam

162 4302 268 4381 tants
288 4302 598 4382 dodtiffimorum
620 4303 829 4383 hominum
851 4303 1071 4412 frequential
1090 4304 1312 4385 circumfu-

163 4413 246 4492 sum
261 4443 339 4504 me,
357 4434 394 4491 et
411 4415 582 4521 undique
606 4415 814 4522 stipatum:
849 4417 901 4494 Et
922 4414 1048 4495 rursus
1070 4434 1201 4495 tamen
1219 4445 1312 4497 cum
