2956 4980
149 225 229 303 260
368 211 531 306 Literae
557 204 750 305 Oliverii
776 208 1069 304 Proteitons.

149 381 302 489 legibus
314 384 496 491 paruisse:
516 374 759 476 Mercatores
771 376 1060 492 proinde'supri
1069 379 1200 461 dictos
1214 407 1304 490 pro·

150 514 371 575 curatorem
385 496 513 588 suurn,
526 495 596 603 qui
609 523 749 575 navem
766 495 877 573 illam
889 521 934 573 ac
948 494 1051 574 bona
1065 492 1303 574 restituenda

152 605 223 685 fibi
249 626 414 716 peteret,
441 609 483 686 in
507 607 671 687 Galliam
695 605 860 687 mififfe:
890 605 947 686 ibi
974 604 1062 714 post
1085 605 1302 685 triennium

152 745 279 825 eoque
297 720 468 829 amplius
491 717 785 827 consumptum,
809 718 975 797 eumad
1002 717 1240 797 sententiam
1257 716 1303 795 de

153 830 395 911 restitutione
409 830 613 910 ferendam
627 848 863 939 perventum
870 829 957 936 jam
968 828 1075 922 esset,
1087 826 1305 909 Cardr'nalu

154 943 364 1022 Mazarini
393 942 664 1023 Eminentiam
702 970 841 1022 eorum
875 941 1118 1050 procuratori
1149 939 1308 1047 Hugoni

155 1054 316 1134 Motella
327 1040 471 1133 sistam
488 1053 770 1134 mercatoribus
783 1053 865 1133 istis
884 1052 1068 1158 injuriam
1083 1050 1304 1160 agnovisse;

155 1164 371 1274 datumque
391 1168 439 1245 iri
464 1164 780 1260 satisfaitionem
806 1184 851 1244 ut
873 1160 1051 1274 primirm
1074 1163 1308 1245 confirmata

155 1303 235 1385 pax
261 1278 362 1357 inter
388 1297 596 1385 utramque
624 1296 800 1385 gentem,
832 1275 1049 1384 foedusque,
1076 1274 1187 1384 quod
1218 1293 1307 1355 tum

155 1388 388 1494 agitabatur,
410 1388 635 1470 confestum
656 1408 774 1497 atque
792 1406 922 1468 ratum
945 1386 1052 1481 esset,
1070 1387 1115 1465 in
1137 1386 1177 1466 se
1196 1414 1306 1467 rece-

155 1500 277 1607 pisse:
308 1501 436 1581 immo
466 1498 662 1580 recentius
689 1499 907 1607 Majestatis
934 1497 1081 1578 Vestrae
1103 1497 1211 1607 apud
1238 1524 1310 1579 nos

157 1612 356 1719 Legatum
382 1613 765 1692 Excellentiffimum
790 1611 1016 1691 Dominum
1043 1609 1087 1690 de
1106 1607 1310 1691 Bordeaux

156 1750 207 1801 ex
226 1725 410 1804 mandato
431 1725 557 1805 vestro
577 1724 772 1832 vestrique
793 1723 982 1817 Concilii‚
1006 1721 1155 1801 disertis
1177 1720 1309 1803 verbis

156 1833 412 1931 confirmasse,
425 1835 539 1943 hujus
555 1837 663 1916 navis
682 1855 798 1943 atque
814 1835 1009 1919 bonorum
1024 1833 1218 1942 peculiari
1235 1860 1308 1916 ex·

156 1947 337 2054 ceptione
358 1945 539 2027 habitum
558 1950 607 2027 iri
627 1948 833 2040 rationem,
854 1948 975 2027 etiam
1000 1946 1155 2026 seotslm
1181 1945 1233 2025 ab
1258 1947 1308 2026 iis

158 2060 440 2152 controverfiis,
460 2060 509 2138 de
529 2058 671 2167 quibus
697 2061 737 2138 in
764 2086 978 2140 commune
1004 2057 1231 2139 decidendis
1257 2085 1310 2139 ex

156 2166 303 2248 foedere
316 2172 514 2280 provisum
527 2172 607 2250 est:
629 2169 745 2277 hujus
761 2171 935 2281 promissi
949 2173 1146 2277 Legatum
1161 2168 1309 2279 ipsum,

156 2281 228 2388 qui
247 2308 352 2361 nunc
371 2281 653 2394 percommode
672 2285 925 2389 negotiorum
946 2282 1198 2391 quorundam
1220 2280 1311 2363 suo·

156 2412 247 2472 rum'
266 2396 381 2474 causi
400 2396 448 2474 ad
462 2422 529 2474 vos
549 2394 810 2489 transmeavit,
825 2395 963 2476 testem
982 2392 1056 2475 esse
1072 2392 1177 2502 posse
1197 2392 1311 2475 locu·

156 2503 319 2612 pletem.
348 2512 449 2619 Qae
458 2535 552 2586 curn
563 2508 617 2585 ita
628 2505 872 2614 sunt,jusque
884 2504 1032 2586 horum
1042 2523 1312 2587 mercatorum

157 2615 200 2692 in
216 2619 436 2723 repetendis
455 2616 569 2697 rebus
590 2616 665 2697 suis
686 2637 768 2697 tam
788 2615 968 2727 praeclare
987 2616 1151 2710 constet,
1171 2612 1196 2695 d
1215 2617 1312 2699 Ma·

150 2723 288 2829 jestate
308 2728 446 2807 Vestri
466 2729 656 2834 majorem
676 2729 718 2807 in
737 2731 906 2809 modum
925 2729 1111 2837 petimus,
1135 2728 1244 2809 utin
1262 2758 1311 2811 eo

157 2838 373 2919 obtinendo
400 2841 508 2920 nulla
535 2841 583 2920 iis
605 2869 717 2920 mora
742 2837 891 2921 diutius
917 2840 1116 2933 afferatur,
1135 2838 1313 2950 velitque

72 2976 79 2988 ·
157 2948 287 3031 nostro
307 2969 446 3058 rogatu
467 2949 535 3031 has
559 2952 670 3032 nobis
694 2953 962 3059 redintegrata
984 2951 1168 3032 amicitiae
1187 2970 1231 3033 et
1247 2955 1311 3034 in-

157 3058 314 3142 staurati
334 3061 466 3143 recens
487 3061 643 3143 foederis
663 3064 736 3143 esse
756 3065 965 3172 primitias.
1024 3062 1146 3169 Qod
1165 3081 1209 3144 et
1228 3062 1312 3147 fore

157 3172 407 3267 confidimus,
424 3174 610 3282 vobisque
626 3174 749 3254 fausta
768 3176 903 3255 omnia
921 3174 1126 3281 vestroque
1146 3201 1274 3284 regno
1292 3174 1315 3258 i

160 3282 251 3363 Deo
273 3286 373 3392 Opt.
397 3286 511 3365 Max.
534 3314 755 3395 precamur.

247 3395 567 3504 Westmonasterro.
590 3397 765 3478 Decemb.
792 3399 841 3477 16
846 3423 869 3504 5
875 3422 913 3503 5.

357 3507 572 3611 Majestatis
590 3509 722 3588 vestrae
741 3508 1032 3589 studiosrffimus

469 3619 660 3699 Oliverius
680 3622 881 3701 Protector
901 3620 1020 3728 Reip.
1041 3619 1215 3727 Angliae,
1235 3638 1313 3701 etc.

327 4015 560 4096 Civitatibus
579 4017 861 4098 Helvetiorum
882 4014 1135 4124 Evangelicti.

160 4174 288 4364 EX
307 4176 440 4303 vestris
460 4178 508 4256 ad
528 4206 596 4258 nos
617 4197 699 4259 tam
712 4182 804 4260 aitis
825 4180 994 4310 puplicis
1013 4208 1085 4290 per
1105 4181 1311 4312 Cpmmis·

274 4285 389 4367 sanos
406 4289 553 4369 nostros
570 4291 722 4370 Genevd
736 4292 971 4386 transmrffis,
985 4289 1106 4401 quim
1118 4292 1245 4375 literis
1258 4318 1310 4402 27

155 4396 372 4479 Decembris
393 4396 541 4510 ‘Tyguri
555 4402 668 4495 datis,
693 4430 773 4510 quo
797 4405 837 4483 in
860 4405 949 4485 loco
975 4432 1035 4485 res
1060 4404 1196 4487 vestra
1219 4406 1309 4500 fint',
