2956 4980
101 250 219 381 Cap.
251 289 314 368 14.
414 247 604 347 Plenior
628 245 878 345 Institutio.
1162 284 1214 363 43

65 425 184 504 mari.
244 427 439 534 Qaenam
465 445 599 504 autem
626 424 818 504 contraria
848 422 1027 501 medium
1055 419 1226 501 habeant

67 556 237 617 autnon
265 536 449 631 habeant,
469 566 520 617 ex
549 564 597 616 eo
623 534 865 644 dignoscitur
887 534 995 642 quod
1022 552 1062 612 et
1086 533 1227 613 Gellius

67 648 189 729 tradit
217 650 243 731 l.
272 651 334 729 16.
368 652 492 730 Nou.
523 651 616 729 Att.
648 678 683 729 c.
712 647 750 727 8.
812 647 1019 726 Contraria
1050 673 1223 754 quorum

11 814 22 821 -
66 762 391 856 contradicentia,
407 760 502 841 cbm
518 759 783 841 attribuuntur
803 761 839 838 ei
858 757 1027 864 subjedto
1046 758 1111 838 cui
1131 786 1224 867 pro-

67 871 155 982 prie
182 874 339 983 possunt
365 874 541 966 attribui,
562 872 650 953 sunt
676 874 797 952 etiam
823 873 925 952 inter
952 870 989 949 se
1015 871 1222 963 contraria,

65 1012 113 1063 ea
132 987 314 1067 medium
333 1013 413 1065 non
431 985 590 1066 habent.
650 985 797 1064 Sanum
814 1003 853 1064 et
867 1011 1015 1092 agrum
1031 983 1224 1063 contraria

66 1095 182 1177 sunt:
213 1127 354 1179 eorum
371 1097 691 1190 contradicentia,
706 1124 783 1175 non
804 1095 940 1175 sanum
960 1123 1040 1175 non
1058 1121 1222 1200 aegrum,

68 1209 95 1287 fi
114 1211 279 1290 animali
297 1209 484 1291 attribuas
501 1212 566 1289 cui
586 1208 655 1288 soli
675 1208 830 1317 poffunt
842 1208 1018 1301 attribui,
1031 1206 1223 1286 contraria

67 1320 190 1401 etiam
218 1324 408 1431 reperies:
440 1350 520 1401 non
547 1322 683 1401 sanum
710 1322 833 1413 enim,
858 1320 914 1398 est
940 1347 1112 1426 agrum:
1143 1345 1223 1396 non

66 1458 232 1540 aegrum,
247 1433 406 1530 sanum:
438 1433 574 1515 sanum
585 1459 679 1540 ergo
695 1452 735 1511 et
749 1459 898 1539 aegrum
914 1431 1048 1511 medio
1064 1446 1220 1509 carent:

68 1544 120 1623 fic
138 1574 219 1626 nox
239 1567 278 1626 et
297 1549 395 1640 dies,
415 1574 494 1626 non
514 1573 595 1626 nox
615 1565 655 1625 et
674 1572 752 1624 non
772 1547 869 1640 dies,
889 1542 996 1652 aequb
1016 1543 1103 1621 sunt
1122 1542 1224 1619 inter'

67 1656 105 1735 se
124 1659 341 1753 contraria:
371 1687 451 1738 non
467 1686 546 1738 nox
562 1660 685 1749 enim,
700 1657 756 1737 est
772 1658 877 1750 dies:
910 1683 988 1735 non
1003 1653 1101 1747 dies,
1116 1680 1220 1748 n0x;

67 1770 204 1850 medio
234 1771 358 1878 igitur
382 1787 538 1851 carent:
570 1771 621 1849 fic
645 1768 727 1848 visu
760 1769 982 1878 praeditum,
1008 1785 1048 1845 et
1073 1793 1220 1845 caecum

67 1881 159 1976 effe,
175 1883 204 1962 fi
223 1879 379 1962 homini
400 1882 553 1963 tribuis.
596 1888 783 1992 Qorum
803 1879 896 1959 verb
915 1878 1222 1960 contradicentia

65 2020 146 2073 non
166 1993 254 2073 sunt
273 1997 480 2089 contraria,
497 2022 541 2074 ea
558 1995 738 2073 medium
757 1991 926 2087 habent:
949 2012 993 2072 ut
1007 2008 1220 2100 praeceptor

65 2125 108 2185 et
137 2105 376 2215 discipulus:
413 2134 493 2186 non
519 2124 735 2215 praceptor
763 2105 886 2199 enim,
915 2132 994 2184 non
1023 2104 1078 2182 est
1104 2101 1220 2181 disci-

66 2218 185 2326 pulus
197 2250 209 2313 ;
239 2246 369 2327 neque
388 2247 467 2299 non
487 2217 714 2328 discipulus,
729 2216 784 2296 est
806 2236 1041 2326 praeceptor;
1073 2216 1220 2294 etenim

66 2329 194 2439 potest
223 2330 409 2411 alteruter
442 2331 592 2437 aliquid
619 2329 692 2410 effe
723 2331 886 2409 tertium
918 2330 993 2408 five
1023 2326 1217 2406 medium.

66 2443 133 2520 Sic
163 2441 300 2522 album
326 2464 366 2523 et
392 2445 579 2551 nigrum:
613 2439 783 2549 nimque
808 2470 887 2522 non
914 2441 1049 2521 album
1077 2457 1117 2517 et
1142 2467 1219 2517 non

65 2555 229 2660 nigrum
247 2556 296 2634 de
315 2556 456 2664 quovis
476 2555 607 2634 colore
627 2555 760 2634 medio
780 2555 859 2633 dici
881 2553 1049 2663 poffunt.
1097 2553 1220 2631 Nunc

65 2667 116 2745 ad
135 2665 453 2748 distributionem
472 2669 758 2746 contrariorum
776 2669 994 2746 veniamus.

124 2779 333 2860 Contraria
337 2779 435 2886 stant
453 2778 681 2887 affirmantia
700 2797 770 2858 aut
789 2780 979 2886 negantia.

122 2890 382 2998 Affirmaatia,
409 2921 562 3002 quarum
595 2909 791 3001 utramque
824 2892 1001 3000 affirmat.
1062 2889 1220 2967 Scilicet

65 3029 168 3096 rem,
184 3004 260 3082 five
273 3032 406 3084 veram
420 3005 494 3083 five
511 3003 669 3097 fictam:
701 3003 763 3082 vel
777 3032 949 3112 quorum
961 3030 1039 3080 vox
1056 3020 1220 3104 utraque

64 3141 153 3193 rem
167 3136 315 3195 certam
330 3117 444 3226 ponit
457 3136 573 3223 atque
590 3114 800 3222 fignificat:
825 3110 1076 3224 quorumque
1094 3137 1220 3189 unum

64 3225 180 3305 alteri
199 3245 242 3306 ut
262 3255 321 3307 res
341 3230 398 3307 rei
422 3229 659 3336 opponitur;
691 3245 735 3307 ut
762 3246 872 3336 pater
898 3228 995 3320 filio,
1015 3225 1121 3304 calor
1150 3221 1221 3300 fri-

64 3338 169 3445 gori.
230 3340 436 3420 Contraria
456 3342 588 3447 itaque
609 3339 856 3433 affirmantia,
869 3339 976 3447 quod
995 3335 1061 3416 hic
1082 3354 1221 3415 notan-

64 3450 166 3530 dum
192 3450 248 3529 est
274 3471 314 3531 et
339 3451 675 3558 distinguendum,
696 3450 782 3530 sunt
808 3479 980 3559 quorum
1008 3468 1221 3555 utrumque

63 3563 234 3643 affirmat
249 3591 434 3657 rem,non
448 3565 665 3643 affirmatur
677 3563 725 3641 de
739 3591 778 3642 re
792 3564 867 3642 five
880 3563 1050 3669 subjecto
1062 3561 1218 3653 eodem,

65 3674 107 3753 id
126 3676 236 3754 enim
255 3674 479 3784 supradicta
506 3676 776 3784 oppofitorum
803 3676 960 3782 regulae,
980 3703 1059 3783 qua
1084 3700 1133 3751 ex
1162 3671 1219 3751 al-

68 3805 153 3866 tero
184 3787 378 3867 affirmato
408 3789 576 3868 alterum
611 3806 790 3894 negatur,
821 3786 936 3898 plane
968 3802 1217 3895 repugnaret.

65 3899 168 4006 Qae
187 3900 310 4006 igitur
328 3900 496 3980 affirmat
516 3929 601 3981 rem
620 3920 689 3980 aut
707 3919 837 4007 negat,
860 3901 991 4008 topica
1010 3897 1219 3977 affirmatio

65 4030 134 4090 aut
158 4012 317 4119 negatio
340 4012 507 4106 dicitur:
539 4041 615 4121 qua
644 4040 703 4090 res
730 4013 778 4091 de
805 4013 883 4092 alio
909 4011 1125 4091 affirmatur
1152 4028 1219 4089 aut

62 4142 232 4230 negatur
249 4125 487 4217 axiomatica,
508 4124 556 4205 de
575 4153 654 4234 qua
673 4124 742 4204 lib.
766 4150 804 4204 2.

124 4237 333 4316 Contraria
350 4235 679 4344 affirmantiasunt
699 4238 821 4317 relata
840 4254 909 4315 aut
927 4235 1098 4342 adversta.

123 4348 264 4428 Relata
272 4347 383 4454 fiant,
405 4378 558 4458 quarum
576 4351 735 4430 altarum
755 4349 891 4456 coastat
909 4379 954 4427 ex
973 4367 1103 4427 mutua
1122 4346 1217 4423 alta-

62 4459 145 4538 rias
164 4459 365 4569 affi‘tiiane.
