2956 4980
160 235 214 314 24
566 199 691 292 Artis
719 197 903 327 Logicae
1097 194 1204 293 Lib.
1225 238 1269 292 ·1.

158 381 235 460 fine
250 379 324 460 hac
340 400 472 461 tamen
487 380 758 461 distinctione:
781 382 975 489 cogitatur
993 379 1115 461 etiam
1132 380 1183 461 de
1196 379 1306 461 caufi

159 493 379 602 impulfiva,
393 491 515 602 eique
532 514 666 573 movet
681 495 934 587 efficientem,
947 520 1019 573 nec
1034 511 1168 573 tamen
1183 492 1306 573 finalis

159 604 271 685 causa
289 606 369 685 dici
388 605 538 714 potest;
559 603 654 685 clun
673 634 762 686 cam
779 606 951 686 efficiens
966 634 1045 686 non
1059 622 1233 715 appetat,
1247 603 1306 683 sed

160 717 293 827 saepius
310 718 517 814 aversetur,
544 718 698 825 quoties
717 718 879 799 affectus
898 736 965 798 aut
988 717 1145 797 habitus
1168 717 1306 826 aliquis

160 859 301 940 pravus
330 832 379 910 ad
409 832 559 911 bonum
591 832 753 939 aliquod
776 858 967 940 apparens
990 827 1305 939 consequendum

161 944 348 1053 impellit.
385 941 579 1051 Idemque
598 941 686 1023 finis
707 945 747 1023 in
767 945 902 1022 animo
921 943 1124 1023 efficientis
1144 943 1306 1050 primus,

162 1056 202 1133 in
223 1083 341 1165 opere
366 1074 483 1164 atque
503 1054 644 1134 effecto
669 1057 725 1136 est
748 1055 979 1166 postremus.
1001 1156 1005 1161 Ι
1037 1056 1153 1134 Dum
1178 1072 1307 1133 autem

163 1168 204 1246 in
220 1169 352 1247 animo
371 1187 522 1247 tantum
543 1168 748 1249 efficientis
765 1167 834 1261 est,
848 1185 889 1247 et
904 1166 1081 1247 nondum
1096 1165 1307 1258 obtinetur,

163 1280 340 1360 nondum
359 1277 446 1360 sane
466 1279 621 1374 existit;
643 1278 736 1360 clun
758 1281 934 1360 nondum
949 1278 1095 1373 existit,
1110 1277 1224 1358 causa
1237 1276 1308 1357 elle

162 1393 232 1501 qui
249 1390 403 1502 potest?
435 1390 543 1472 Cirm
561 1394 692 1500 itaque
709 1392 829 1500 vulgo
843 1393 1001 1486 dicitur,
1017 1390 1105 1471 finis
1118 1411 1308 1500 quatenus

162 1506 400 1585 efficientem
415 1506 521 1615 quafi
538 1505 733 1586 suadendo
753 1526 887 1586 movet
905 1525 949 1585 ut
968 1503 1176 1584 materiam
1190 1521 1308 1612 paret,

163 1615 279 1726 elque
299 1615 472 1696 formam
492 1618 666 1711 inducat,
683 1645 762 1696 non
782 1611 1309 1709 modoeffetti,verl1meti-

163 1756 227 1807 am
248 1728 451 1808 causarum
470 1729 580 1809 causa
599 1726 815 1838 earumque
834 1731 986 1839 optima
1005 1727 1083 1820 est,
1100 1727 1141 1806 id
1161 1727 1309 1836 impro-

166 1840 249 1948 prie
281 1861 320 1919 et
357 1870 428 1950 per
457 1843 778 1950 anticipationem
813 1841 1010 1950 quandam
1048 1840 1208 1920 dicitur.
1266 1838 1312 1917 In

165 1980 282 2061 opere
302 1973 434 2033 autem
454 1974 493 2035 et
512 1953 580 2034 usu
601 1956 694 2035 licet
713 1954 807 2063 saepe
828 1955 872 2033 fit
894 1953 1071 2046 ultimus,
1095 1950 1309 2061 aptitudine

167 2083 298 2143 tamen
319 2066 366 2143 ad
389 2064 501 2145 usum
523 2068 592 2146 nifi
612 2067 727 2146 fimul
747 2095 841 2146 cum
860 2064 987 2145 forma
1012 2083 1052 2143 et
1073 2082 1251 2172 tempore
1274 2080 1311 2142 et

166 2178 302 2258 natural
322 2177 396 2256 effe
417 2179 673 2286 intelligatur,
690 2181 765 2259 erit
780 2179 969 2289 posterior
985 2175 1125 2257 effecto
1143 2202 1214 2283 per
1231 2172 1311 2253 for-

166 2316 274 2368 mam
306 2291 392 2398 jam
427 2291 653 2386 constitum,
685 2312 726 2370 et
760 2292 989 2398 adjunttum
1021 2288 1150 2397 potius
1182 2285 1311 2367 effecti

166 2398 285 2508 quim
305 2400 430 2482 causa.
491 2405 554 2483 Sic
575 2432 652 2483 non
674 2401 880 2496 habitatio,
897 2402 961 2480 sed
976 2401 1024 2480 ad
1041 2398 1310 2492 habitandum,

167 2515 362 2621 aptitudo,
382 2542 468 2622 quae
487 2543 580 2595 cum
601 2516 760 2595 inducta
783 2515 910 2596 forma
935 2512 1049 2593 fimul
1072 2529 1112 2591 et
1135 2528 1311 2621 tempore

167 2644 207 2703 et
231 2625 366 2705 natural
391 2626 461 2719 est,
494 2629 674 2737 proprius
706 2627 793 2708 finis
820 2627 961 2706 domus
991 2623 1047 2704 est
1077 2623 1313 2716 statuendus,

168 2733 302 2845 reique
325 2737 516 2846 perfectio
545 2761 584 2819 et
608 2739 744 2820 formae
771 2740 878 2849 quafi
908 2737 1056 2818 fructus
1079 2734 1147 2818 est.
1206 2736 1314 2815 Hinc

172 2850 304 2931 Graeci
320 2878 397 2929 non
418 2850 540 2931 modi>
560 2848 665 2933 τελέω
685 2851 862 2962 perficio,
878 2848 900 2930 ὲ
920 2846 1032 2941 τίλας,
1049 2851 1076 2928 i.
1091 2847 1230 2956 estnir
1245 2847 1314 2926 de-

168 2961 331 3056 ducunt,
362 2962 425 3042 sed
454 2965 574 3043 etiam
597 2965 806 3074 perfetium
835 2960 974 3057 τέλειον,
1005 2958 1026 3040 ὲ
1051 2959 1128 3039 fine
1159 2979 1313 3052 vocant,

170 3075 263 3154 teste
284 3075 494 3181 Aristotele,
517 3077 622 3158 Phil.
646 3077 684 3157 8.
710 3102 776 3178 24.

226 3188 298 3266 Vis
317 3205 450 3266 autem
470 3191 626 3298 propria
644 3218 721 3298 qua
740 3188 866 3268 finalis
886 3186 997 3267 causa
1015 3187 1101 3267 aliis
1125 3183 1174 3265 ab
1197 3183 1315 3264 caufis

170 3296 435 3404 distinguitur,
456 3296 516 3378 his
537 3302 679 3395 verbis,
700 3301 806 3406 cujus
820 3300 968 3407 gratia,
988 3298 1249 3410 exprimitur,
1271 3313 1315 3375 ut

171 3424 210 3485 et
234 3409 319 3487 aliis
344 3409 464 3488 etiam
487 3414 704 3520 particulis,
726 3441 869 3523 nempe
895 3411 1002 3518 cujus
1023 3411 1151 3517 causa,
1174 3408 1238 3502 ad,
1258 3406 1315 3501 ob,

164 3534 251 3624 pro,
265 3535 436 3628 propter,
460 3552 541 3631 quo,
566 3527 746 3634 quorsum,
771 3547 811 3605 et
835 3525 1039 3605 fimilibus.
1099 3527 1162 3604 Ne
1183 3538 1317 3601 autern

172 3628 227 3707 est
246 3649 337 3711 nota
357 3632 461 3714 illius
477 3634 579 3729 finis,
592 3641 662 3744 qui
683 3640 724 3716 in
744 3638 839 3718 mali
855 3637 1017 3743 alicujus
1029 3635 1215 3716 vitatione
1230 3659 1318 3712 ver·

171 3739 284 3820 satur.
344 3744 453 3825 Finis
480 3767 612 3827 autem
642 3750 788 3830 dicitur
816 3778 894 3829 non
925 3778 1063 3829 eorum
1091 3744 1218 3828 soliun
1245 3746 1316 3853 qui

172 3851 292 3931 linem
317 3853 386 3934 fibi
411 3881 649 3967 proponunt,
670 3862 696 3943 i.
714 3892 749 3941 e.
772 3863 1029 3942 efficientium
1054 3858 1317 3949 rationalium,

173 3960 236 4041 sed
256 3991 392 4045 eorum
409 3996 649 4080 quaecunque
663 3974 710 4052 ad
727 3973 848 4053 finem
864 3973 1099 4064 referuntur,
1120 3972 1148 4050 i.
1162 3999 1198 4049 e.
1216 3997 1317 4079 quo-

174 4076 321 4154 rumvis
343 4077 587 4162 effeclorum.
648 4087 711 4164 Sic
733 4085 905 4194 Physicis
934 4086 1049 4165 rebus
1079 4083 1167 4163 finis
1195 4080 1318 4162 homo

174 4188 390 4294 propofitus
414 4192 481 4285 est,
511 4191 662 4274 homini
690 4199 815 4278 Dens.
878 4199 1001 4309 Qud
1030 4225 1101 4276 nec
1126 4194 1318 4302 ignoravit

173 4298 257 4376 Ari
282 4301 401 4398 oteles,
417 4301 530 4410 Phys.
547 4332 585 4385 2.
602 4332 640 4385 2.
654 4308 777 4405 rebus,
787 4312 931 4419 inquit,
946 4310 1101 4403 utt‘mur,
1119 4306 1224 4417 quast
1238 4304 1318 4414 nos-

173 4428 238 4489 tra
257 4411 368 4517 causa
387 4413 494 4523 qffent
513 4420 658 4497 omnia:
687 4452 773 4502 nam
799 4442 835 4502 et
865 4453 928 4503 nos
958 4418 1209 4532 quodammodo
1222 4418 1320 4525 finis

159 4520 303 4624 stemus.
355 4526 490 4606 Deum
511 4529 583 4609 elle
604 4534 786 4613 omnium
807 4534 927 4614 finem
944 4535 1059 4614 docet
1078 4534 1227 4642 sapiens
1240 4532 1323 4609 He-
