2956 4980
171 243 252 320 224
403 203 564 297 Literae
590 205 783 296 Senatus
808 199 1080 332 Anglicani.

167 380 328 457 nomine
358 376 626 486 proposuerit:
657 402 778 483 quam
809 375 898 455 Nos
926 376 1071 456 divinae
1097 377 1255 458 Tutelae
1279 397 1313 456 et

169 490 426 570 Providentia
445 487 761 567 commendatam
781 488 980 567 volumus.

251 598 683 708 DatisWestmonasterio
697 597 1187 681 6dieNouemb.An.Dom.
1201 603 1302 707 1652.

335 714 417 793 Sub
430 713 569 820 Sigillo
583 712 821 790 Parlamenti
834 711 992 821 ejusque
1007 713 1188 792 Nomine
1203 732 1301 820 atque

579 821 833 902 Authoritate
853 823 1073 934 subscripfit

400 936 622 1016 Prolocutor
641 935 883 1016 Parlamenti
898 934 1131 1044 Reipublicae
1149 935 1298 1042 Angla.

163 1337 446 1416 Parlumentum
461 1331 616 1442 Repub.
626 1336 780 1441 Angliae
794 1334 1014 1441 Sereniffimo
1036 1336 1215 1445 Princtpi
1228 1335 1292 1412 Ve-

463 1448 658 1524 netiarum
679 1449 800 1541 Duci,
823 1449 1011 1527 Salutem.

251 1607 515 1687 Arlamentum
538 1604 695 1714 Repub.
724 1608 881 1714 Angliae
911 1607 1040 1686 literas
1065 1607 1296 1688 Celfitudiuis

279 1717 409 1798 vestrae
427 1718 549 1826 primo
568 1717 689 1826 Junii
711 1720 831 1826 1652.
853 1719 959 1798 datas
977 1748 1047 1828 per
1067 1721 1296 1800 Laurentium

165 1831 360 1910 Palatium
380 1830 546 1938 accepit,
567 1859 617 1908 ex
637 1830 779 1936 quibus
799 1859 894 1910 cum
913 1851 954 1910 21
972 1831 1162 1925 vestrum,
1186 1852 1226 1912 et
1243 1835 1296 1910 Se·

165 1961 278 2022 natus
308 1941 545 2050 propensum
572 1942 612 2019 in
652 1940 752 2021 hanc
786 1942 1097 2052 Rempublicam
1135 1946 1297 2024 animum

163 2052 387 2163 prospiciat,
412 2053 655 2133 occasionem
681 2051 782 2133 hanc
808 2054 922 2133 suum
941 2056 1107 2136 viciffim
1131 2084 1225 2165 erga
1243 2058 1297 2134 Se-

164 2166 402 2246 reniffimam
430 2166 631 2274 Rempub.
655 2166 829 2246 Venetam
855 2166 1047 2274 fingulare
1075 2168 1247 2248 studium
1268 2192 1300 2247 ac

163 2278 476 2358 benevolentiam
495 2278 731 2371 declarandi,
754 2279 919 2358 libenter
938 2281 1117 2390 arripuit,
1138 2309 1258 2389 quam
1274 2297 1304 2359 et

166 2421 205 2470 12
226 2391 305 2500 ipsa
324 2392 443 2498 idque
464 2419 513 2469 ex
532 2392 680 2483 animo,
697 2391 961 2471 demonstrare
975 2396 1131 2500 quoties
1145 2393 1234 2473 usus
1249 2422 1308 2472 ve-

164 2505 278 2595 nerit,
313 2501 619 2610 haudquaquam
648 2503 886 2610 gravabitur,
922 2506 988 2583 cui
1017 2524 1057 2584 et
1086 2533 1226 2587 omnes
1253 2497 1318 2586 vel

161 2614 426 2692 conservanda
455 2614 518 2691 vel
557 2615 677 2693 etiam
710 2617 895 2723 augendae
932 2618 1115 2697 amicitiae
1150 2617 1329 2727 ususque:

161 2727 293 2807 mutui
312 2727 478 2804 rationes
491 2725 531 2802 in
549 2728 727 2806 medium
743 2728 866 2807 allatae
881 2748 995 2808 erunt
1012 2731 1152 2809 itidem
1173 2758 1334 2839 accept

163 2839 326 2931 tiffimae,
360 2838 568 2946 vestraeque
604 2839 701 2918 adel)
733 2838 967 2919 Celfitudiui
998 2862 1037 2921 et
1069 2843 1340 2950 Reipublicat

162 2949 413 3031 Sereniffimae
434 2948 556 3029 fausta
576 2954 709 3030 omnia
729 2979 772 3030 ac
801 2951 981 3060 prospera
1006 2972 1170 3063 exoptat
1195 2974 1339 3064 atque

163 3083 355 3174 precatur.

247 3176 367 3257 Datis
384 3176 438 3252 W
434 3174 689 3282 estmonasterio
703 3173 760 3254 die
772 3175 947 3256 Decemb.
965 3179 1043 3257 An.
1056 3179 1170 3257 Dona.
1192 3180 1312 3284 1652.

330 3287 557 3395 Subscripfit
576 3306 615 3365 21
638 3287 875 3366 Ρ211211121111
895 3288 1080 3395 Sigillum
1100 3290 1314 3398 imponen-

684 3397 783 3477 dum
801 3401 952 3480 curavit

464 3511 685 3590 Prolocutor
705 3511 945 3592 Parlamenti
961 3511 1119 3620 Respub.
1142 3517 1313 3623 Anglia.

162 3918 446 3995 Parlamentum
455 3912 776 4023 Reipub.Angliae
790 3913 1009 4021 Sereniffimo
1024 3914 1206 4023 Principi
1216 3919 1314 3997 Fer-

228 4027 399 4107 dinando
416 4026 595 4106 Secundo
605 4027 809 4105 Hetruriae
824 4027 969 4133 Magno
983 4027 1103 4120 Daci,
1118 4027 1311 4109 Salutem.

252 4189 338 4267 Um
363 4187 645 4267 Parlamentum
671 4181 828 4294 Retpub.
854 4187 1011 4294 Angliae
1038 4187 1206 4269 antehac
1236 4191 1312 4271 suis

281 4297 517 4380 Navarchiis
537 4321 655 4407 atque
671 4297 865 4378 Praefeelis
886 4302 1048 4378 navium
1067 4301 1116 4379 ad
1136 4302 1224 4382 loca
1243 4303 1312 4383 sub

154 4414 286 4494 vestrae
300 4411 551 4493 Celfitudinis
566 4412 714 4492 ditione
731 4411 1033 4519 appellentibus,
1048 4413 1171 4509 etiam
1190 4434 1310 4524 atque
