2956 4980
166 226 242 307 106
569 210 695 304 Artis
721 208 905 338 Logicae
1103 206 1214 305 Lib.
1238 248 1287 305 2c.

158 389 187 471 i.
208 415 242 468 e.
264 383 448 465 existimo
466 383 530 462 vel
549 382 729 477 arbitror,
750 385 804 463 ita
823 384 982 464 axioma
1000 379 1022 461 i
1039 384 1163 466 verbo
1178 385 1314 465 Graeco

159 500 266 607 quod
285 498 393 577 idem
413 494 616 603 fignificat,
642 493 851 575 derivatur.
910 496 1046 604 Atque
1066 493 1184 603 hujus
1203 497 1314 576 vocis

158 609 383 718 generalem
402 606 505 687 hanc
526 607 849 715 significationem
865 608 971 718 apud
985 626 1135 688 veteres
1148 606 1314 689 Dialec-

159 724 256 802 ticos
276 739 476 830 receptam
503 719 628 814 fuiffe,
654 747 705 800 ex
728 720 915 812 Cicerone,
938 720 1315 814 Plutarchum-

159 836 224 928 tio,
250 834 381 925 Gellio,
406 832 545 912 Galeno
564 830 627 912 lib.
650 831 714 911 16.
735 860 769 911 c.
793 832 832 912 8.
855 849 895 911 et
913 832 1075 911 constat.

216 944 357 1025 Latine
376 944 622 1038 enuntiatum,
644 942 874 1038 enuntiatio,·
898 944 1202 1052 pronuntiatum,
1220 960 1314 1051 pro-

159 1056 343 1137 nuntiatio
356 1087 371 1147 ,·
398 1056 552 1164 effatum
568 1055 736 1135 Varroni
752 1054 969 1165 profatum,
984 1074 1025 1135 et
1038 1055 1313 1166 proloquium,

160 1170 265 1277 apud
286 1168 468 1247 Gellium
488 1165 581 1246 Lib.
608 1167 672 1246 16.
700 1167 742 1246 id
765 1166 822 1247 est
846 1167 1032 1248 sententia
1051 1169 1192 1275 inqua
1212 1164 1314 1247 nihil

159 1279 406 1360 desideratur.
466 1281 531 1359 Ex
554 1280 686 1359 Graeco
701 1280 821 1359 etiam
840 1278 958 1360 oratio
976 1296 1017 1358 et
1034 1278 1234 1389 proprfitio
1253 1278 1312 1357 di-

159 1413 274 1473 crtur.

218 1505 303 1583 Cur
318 1528 427 1609 ergo,
443 1500 588 1609 inquis,
606 1502 846 1596 Graecanica,
863 1519 903 1582 et
921 1498 1004 1581 haec
1023 1529 1101 1611 prae
1119 1500 1224 1595 aliis,
1237 1527 1312 1579 vox

162 1617 306 1723 placita
333 1614 416 1693 est?
452 1614 573 1722 Qia,
603 1614 782 1723 inquam,
811 1612 1140 1694 commodiffima.
1204 1612 1312 1693 Nam

161 1728 279 1807 oratio
298 1745 339 1805 et
343 1725 534 1832 sententia
548 1752 662 1806 voces
681 1727 837 1806 latiores
854 1726 967 1816 sunt3
997 1721 1167 1832 idedque
1184 1724 1313 1803 Graeci

160 1842 231 1947 qui
255 1833 357 1939 λόγον
380 1837 456 1916 five
480 1837 657 1917 rationem
683 1858 839 1932 vocant,
861 1838 1011 1917 addunt
1036 1833 1118 1916 fere
1135 1835 1313 1944 primurn,

159 1949 399 2055 brevffmam
415 1966 481 2028 aut
495 1948 780 2029 enuntiativam.
841 1948 999 2029 Deinde
1011 1947 1212 2057 proposttio
1231 1976 1313 2027 am-

161 2063 281 2168 bigua
301 2089 378 2140 vox
398 2060 477 2154 est;
506 2059 695 2167 fignificat
713 2061 821 2141 enim
841 2089 946 2141 nunc
966 2062 1142 2170 priorem
1161 2080 1313 2170 partem

163 2176 286 2282 plenae
304 2173 623 2282 comparationis,
647 2200 753 2254 nunc
772 2173 945 2283 primam
963 2191 1117 2281 partem
1136 2170 1313 2280 syllogis-

162 2287 234 2366 mi.
295 2286 436 2365 Latina
455 2302 589 2364 autem
614 2284 696 2378 illa,
722 2285 967 2379 enuntiatum,
993 2282 1215 2378 enuntiatio,
1240 2302 1312 2364 etc.

160 2398 345 2477 orationis
385 2397 589 2476 exterioris
623 2397 806 2476 videntur
835 2397 961 2503 magis
998 2392 1120 2503 quim
1154 2396 1314 2475 rationis

161 2509 356 2588 interioris
386 2507 484 2587 effe:
524 2504 620 2587 cum
646 2506 843 2616 dispofitio
862 2506 944 2587 haec
972 2508 1123 2615 Logica
1152 2508 1312 2588 rationis

159 2619 325 2699 omnino
345 2620 391 2698 fit
413 2639 495 2698 tam
522 2637 655 2698 mente
678 2640 876 2729 conceptae
900 2615 1021 2727 quim
1040 2646 1108 2698 ore
1131 2618 1312 2727 prolatae;

162 2727 284 2839 inque
305 2757 418 2810 voces
438 2728 612 2836 symbola
631 2730 719 2811 sunt
738 2752 778 2811 et
797 2751 897 2811 notae
916 2730 1157 2837 simplicium
1182 2735 1312 2812 notio-

161 2871 274 2937 num,
288 2843 341 2923 ita
354 2843 603 2922 enuntiatum
615 2842 854 2923 videturesse
870 2841 1092 2950 symbolum
1105 2842 1314 2923 axiomatis

164 2974 297 3034 mente
326 2955 523 3062 concepti.
583 2954 647 3033 sic
677 2972 809 3034 tamen
839 2956 997 3035 retineri
1026 2952 1185 3062 poffunt
1202 2980 1315 3035 voces

163 3068 312 3146 Latinae
343 3065 588 3159 enuntiatum,
629 3066 848 3159 enuntiatio,
873 3086 949 3146 etc.
980 3066 1008 3145 fi
1036 3065 1316 3173 distinguimus

162 3206 256 3257 cum
269 3177 467 3284 Aristotele
478 3177 699 3256 sermonem
716 3181 756 3255 in
776 3180 1028 3271 exteriorem,
1044 3178 1115 3285 qui
1134 3206 1205 3257 ore
1224 3206 1316 3287 pro·

164 3287 311 3380 fertur;
333 3307 371 3366 et
392 3289 634 3382 interiorem,
656 3288 725 3396 qui
746 3308 877 3368 mente
897 3286 1025 3368 solium
1044 3290 1284 3398 concipitur.

222 3400 359 3478 Genus
379 3418 512 3478 autem
532 3400 740 3478 axiomatis
764 3396 867 3478 reete
895 3399 1075 3480 statuitur
1102 3399 1317 3508 dispofitio,

165 3538 243 3588 non
257 3510 470 3615 judicium,
495 3512 601 3616 quod
627 3511 802 3620 utsupra
822 3510 953 3606 retuli,
977 3510 1238 3620 disposrtionis
1257 3510 1317 3590 ef-

165 3621 316 3701 fettum
331 3621 399 3714 est,
416 3641 456 3701 et
474 3621 541 3700 hic
561 3623 724 3729 quidem
740 3622 958 3732 specialiter
976 3650 1057 3731 quo
1072 3622 1226 3730 aliquid
1246 3622 1320 3703 effe

165 3753 233 3813 aut
252 3760 330 3812 non
350 3732 424 3811 effe
437 3732 650 3838 judicatur.

222 3846 519 3951 Argumentum
539 3865 672 3925 autem
691 3872 785 3924 cum
805 3862 1039 3953 argumento
1063 3843 1120 3923 est
1144 3842 1187 3923 id
1210 3845 1320 3953 quod

165 3957 294 4062 arguit
313 3983 406 4036 cum
426 3984 473 4035 eo
493 3958 600 4063 quod
619 3958 808 4062 arguitur.

223 4068 332 4147 Finis
351 4066 607 4174 dispofitionis
626 4068 696 4161 est,
721 4085 764 4147 ut
784 4093 961 4177 peream
981 4064 1056 4145 effe
1079 4064 1233 4173 aliquid
1252 4083 1320 4144 aut

166 4207 245 4258 non
265 4179 339 4259 effe
359 4180 567 4272 indicetur,
598 4179 673 4258 five
700 4199 743 4258 ut
767 4178 918 4287 aliquid
943 4179 992 4257 de
1011 4178 1146 4287 aliquo
1166 4177 1319 4257 dicatur

166 4310 332 4370 autnon
352 4291 517 4371 dicatur.
577 4291 688 4371 Hinc
707 4290 807 4370 illud
820 4290 980 4398 Aristot.
998 4287 1102 4371 Phil.
1114 4290 1158 4369 θ.
1179 4316 1244 4369 ιο.
1256 4286 1320 4399 effe

166 4404 215 4512 est
233 4404 403 4515 componi,
430 4420 467 4481 et
494 4431 604 4482 unum
623 4403 711 4513 effe3
740 4432 809 4483 non
828 4401 893 4511 effe
914 4419 1038 4482 autern
1060 4402 1200 4511 estnon
1223 4430 1315 4483 com·
