2956 4980
157 232 210 340 78
564 217 690 308 Artis
717 218 902 346 Logicae
1100 219 1210 317 Lib.
1243 264 1280 317 1.

155 395 222 476 vel
237 393 405 475 derivati
414 392 480 472 vel
493 390 869 499 compostti‚stqttidem
885 396 1069 477 notatione
1080 425 1178 477 vera
1192 426 1317 477 nomen

142 507 314 588 'inditum
334 507 440 615 fuit,
472 503 570 583 ratio
600 502 706 583 reddi
725 505 842 612 potest
873 537 920 586 ex
949 509 1072 618 alt'qua
1098 529 1319 617 argumenta

183 649 287 700 rama.

151 639 182 730 p
219 734 271 812 Ut
289 727 452 810 lzamoab
471 728 589 807 humo.
627 727 724 806 Haec
742 725 763 806 ὲ
783 733 945 812 materia
964 732 1020 812 est
1040 735 1205 813 notati0.
1242 734 1318 813 Sed

158 843 315 951 lingua,
330 839 425 922 clun
446 841 574 950 prima
594 839 660 917 illa
680 869 800 948 quam
816 843 987 926 Adamas
1005 847 1046 925 in
1059 847 1210 939 Edene,
1230 865 1318 925 tum

160 957 234 1035 illae
253 958 367 1035 variae
387 974 502 1060 atque
531 951 552 1031 ὲ
579 953 708 1062 prima
736 952 900 1036 fortaffis
926 977 1032 1053 ortae,
1052 986 1150 1065 quas
1177 960 1318 1037 condi-

159 1087 261 1148 tores
279 1068 393 1147 turris
408 1064 600 1145 Babelicae
613 1063 738 1144 subito
755 1089 1004 1178 acceperunt,
1018 1071 1208 1150 divinitus
1224 1100 1318 1181 pro-

160 1181 349 1260 culdubio
367 1179 464 1257 datae
479 1176 589 1270 sunt3
622 1177 725 1256 unde
746 1207 890 1260 vocum
911 1183 1206 1291 primitivarum
1220 1185 1319 1264 ratio

159 1293 423 1399 fiignoretur,
445 1292 593 1369 mirum
621 1316 699 1369 non
728 1292 809 1371 est:
841 1323 926 1402 quae
953 1316 1086 1375 autem
1106 1323 1225 1376 voces
1251 1297 1319 1377 de-

159 1407 289 1484 rivatae
309 1403 395 1483 sunt
415 1421 482 1482 aut
496 1402 732 1510 composrtae,
746 1405 807 1483 vel
827 1435 962 1485 earum
978 1408 1150 1515 origines
1165 1436 1219 1487 ex
1233 1410 1319 1489 aliis

158 1518 305 1626 linguis
331 1516 502 1624 antiquis
527 1513 692 1622 jamque
718 1515 900 1598 obsoletis
925 1520 1101 1628 petendae
1127 1519 1233 1613 sunt,
1257 1521 1319 1600 vel

158 1630 247 1738 ipsae
266 1629 454 1708 vetustate
482 1646 550 1705 aut
577 1627 721 1705 infimae
747 1628 873 1736 plebis
896 1631 1099 1738 inquinata
1120 1631 1202 1713 fere
1223 1660 1319 1741 pro-

158 1741 402 1822 nuntiatione
430 1741 483 1818 ita
510 1740 734 1830 immutata,
765 1741 950 1823 mendose
976 1747 1097 1824 etiam
1124 1744 1318 1824 scribendi

159 1852 438 1934 consuetudine
459 1853 512 1930 ita
531 1852 637 1958 quafi
657 1852 882 1949 obliterata,
904 1874 949 1936 ut
968 1885 1058 1936 vera
1077 1884 1225 1937 vocum
1246 1886 1320 1937 no·

160 1968 256 2047 tatio
281 1993 367 2046 raro
391 1964 607 2043 admodum
634 1982 822 2044 teneatur.
883 1969 1003 2048 Unde
1032 1989 1320 2079 argumentum

160 2077 181 2159 ὲ
201 2080 415 2169 notatione,
436 2077 504 2155 nili
526 2105 570 2155 ea
587 2073 686 2155 forte
702 2077 1010 2161 manifestissima
1030 2084 1089 2178 fit,
1110 2080 1232 2162 fallax
1253 2084 1321 2165 ad-

160 2192 328 2272 modum
349 2209 388 2269 et
408 2188 502 2298 saepe
523 2188 720 2267 ludicrum
738 2190 805 2272 est.

215 2306 258 2386 N
262 2331 339 2384 unc
359 2302 509 2409 reliqua
529 2302 714 2411 exempla
733 2303 952 2383 videamus.
1016 2304 1130 2385 Ouid.
1154 2307 1194 2386 6.
1209 2307 1318 2416 Fast.

273 2457 363 2536 Stat
381 2455 427 2533 vi
442 2452 662 2560 terrasua;
694 2454 739 2532 vi
746 2454 880 2562 stando
903 2457 943 2533 V
936 2454 1008 2562 esta
1025 2475 1200 2537 vocatur.

215 2610 341 2686 Terra
361 2607 505 2685 dicitur
529 2605 635 2713 Vesta
661 2606 709 2684 ab
737 2606 878 2687 effecto
904 2608 972 2687 suo
992 2611 1174 2704 naturali,
1195 2640 1320 2722 prop-

159 2738 265 2799 terea
284 2720 391 2827 quod
411 2719 450 2796 vi
471 2718 534 2796 sua
555 2720 639 2796 stat.

248 2876 310 2952 At
329 2874 429 2952 locus
446 2869 471 2950 ὰ
479 2871 647 2979 flammis
666 2890 702 2951 et
721 2869 936 2981 quodfavet
954 2875 1073 2953 omnia
1090 2873 1227 2955 ditius.

114 3040 121 3049 '
217 3028 282 3105 Ex
302 3024 451 3104 effedlis
472 3022 527 3102 est
551 3023 714 3102 notatio.
776 3024 880 3119 Item
904 3025 1014 3103 Verr.
1042 3050 1082 3127 4.
1115 3027 1321 3111 OVerrea

152 3139 381 3246 praeclara!
478 3135 520 3213 aa
538 3135 630 3216 enim
645 3136 817 3244 accespsti
828 3165 896 3246 qua
915 3165 984 3215 nan
1000 3139 1177 3218 attuleris
1195 3158 1320 3223 tecum

159 3250 263 3359 istum
292 3246 421 3329 diem?
480 3248 628 3328 Etenim
658 3278 767 3357 quam
798 3266 842 3328 tu
867 3246 1023 3343 domum,
1072 3279 1157 3330 uam
1188 3253 1320 3335 urbem

159 3361 292 3470 adissi,
306 3358 546 3470 qaadsanam
565 3359 729 3470 denique,
743 3360 839 3472 quod
849 3390 919 3440 non
938 3280 1103 3471 everjim
1118 3381 1232 3473 atque
1253 3397 1321 3447 ex-

160 3474 296 3579 terstam
317 3471 542 3582 reliqueris?
600 3476 730 3579 Qare
749 3475 989 3583 appellantur
1001 3474 1099 3582 sarni
1124 3476 1193 3585 ista
1217 3480 1319 3560 Ver-

162 3617 243 3680 rea,
265 3616 347 3695 quae
366 3614 435 3665 nan
454 3614 500 3663 ex
519 3586 671 3679 nomiae,
686 3582 761 3692 sed
775 3616 820 3665 ex
838 3585 999 3666 moribus
1015 3586 1230 3697 naturdque
1249 3612 1322 3673 tua

160 3699 356 3808 coissituta
371 3696 436 3806 esti
451 3695 666 3777 videantur.
727 3701 789 3778 Ex
803 3698 953 3778 effedtis
969 3700 1067 3779 item
1080 3700 1137 3780 est
1150 3706 1321 3785 notatio.

163 3811 277 3892 ovid.
305 3840 338 3895 1.
363 3811 465 3919 Fast.

218 3964 353 4043 Prima
373 3961 446 4042 dies
464 3961 547 4057 tibi,
571 3964 716 4056 Carna,
733 3961 864 4058 datur,
881 3962 950 4043 dea
968 3940 1134 4045 cardinis
1151 3964 1236 4047 haec
1255 3969 1320 4077 ast,

272 4076 435 4156 Numtite
454 4074 580 4182 clausa
599 4075 735 4185 aperit,
757 4075 898 4156 claudit
917 4095 1051 4186 aperta
1055 4078 1143 4183 stto.

219 4227 386 4306 Notatio
406 4223 488 4304 haec
508 4224 530 4303 ὲ
550 4224 720 4332 subjecto
740 4227 810 4321 est,
828 4227 984 4308 cardine
999 4227 1160 4322 scilicet,
1178 4229 1220 4307 in
1238 4260 1321 4340 quo

159 4338 344 4419 versando
371 4339 443 4417 dea
468 4337 535 4416 illa
561 4339 828 4419 exercebatur.
888 4341 999 4419 Hinc
1023 4341 1090 4421 illa
1118 4343 1319 4424 cavillatio

159 4455 197 4531 in
220 4450 426 4531 Antoniam
453 4477 668 4558 generum:
703 4449 796 4533 Taae
815 4451 993 4560 conjugit,
1014 4452 1317 4561 bonafama,
