2956 4980
122 190 238 325 Cap.
267 231 331 289 12.
432 188 620 290 Plenior
646 188 894 288 Institutio.
1164 234 1234 315 151

142 370 345 450 Secundus
357 369 498 450 modus
510 368 566 449 est
579 386 742 475 negatus
755 367 946 475 generalis
961 399 970 447 ε
995 365 1159 450 Timidus
1172 401 1242 452 non

82 479 134 589 est
159 480 283 563 liber:
317 511 464 563 avarus
488 483 537 586 est
562 480 712 562 tinidus
724 513 738 574 ;
772 509 918 561 avarus
946 482 1071 593 itaque
1097 511 1165 563 non
1192 484 1241 592 est

82 591 192 786 libffi.
217 595 348 785 lHoc
361 595 422 786 <lta
440 593 688 674 concluditur
712 612 752 672 et
770 592 970 698 judicatur
992 595 1041 673 ab
1062 595 1238 691 Horatio,

82 731 135 815 ep
186 764 198 786 .
236 733 352 786 .1.1
391 767 402 787 .

119 942 122 947 .
140 865 227 977 Ql
244 867 371 948 melior
373 868 493 975 servo
512 864 581 977 qui
600 867 750 948 liberior
754 865 813 973 fit
832 897 992 962 avarus,

141 984 192 1061 In
210 980 487 1090 traniisſsxum,
507 978 642 1087 cimse
661 978 820 1060 demittit
839 979 882 1061 ob
898 981 1017 1090 affini,

142 1094 235 1174 Non
253 1091 372 1173 vt'deo.
410 1095 515 1172 Nom
532 1094 601 1203 'qui
615 1092 752 1202 capiet,
767 1110 903 1173 metuet
921 1122 1058 1203 quoque
1070 1125 1084 1173 .·
1097 1111 1213 1203 porro

139 1206 225 1314 Qi
236 1223 400 1287 metuens
416 1205 535 1300 omit,
553 1204 649 1285 liber
665 1204 759 1285 mihi
773 1234 842 1286 non
861 1208 935 1286 erit
954 1235 1126 1317 unquam.

141 1380 193 1461 In
217 1379 297 1462 hoc
322 1380 510 1491 exemplo
533 1381 683 1491 duplex
707 1381 765 1460 est
786 1380 943 1490 crypfis,
964 1381 1128 1463 inversio
1151 1411 1242 1493 par-

83 1494 190 1575 tium
212 1513 253 1575 et
262 1492 604 1632 prosyllogismus.
642 1494 778 1572 Primo
798 1494 839 1572 in
859 1492 947 1573 loco
966 1497 1128 1602 ponitur
1145 1523 1242 1575 con-

81 1606 221 1702 clulio,
234 1634 356 1714 eaque
369 1607 520 1686 duabus
534 1605 838 1717 prosyllogismis
851 1604 1085 1702 illustratum
1109 1606 1240 1715 primo

82 1715 229 1829 lupari,
250 1718 358 1827 quod
380 1748 526 1799 avarus
552 1747 631 1798 non
648 1719 707 1824 stt
733 1716 882 1798 liberior
898 1718 1042 1825 struo:
1073 1718 1242 1800 secundo

83 1831 135 1912 ab
156 1831 322 1926 effectis,
343 1830 450 1939 quod
462 1830 510 1939 se
527 1828 688 1911 demittit
706 1829 748 1911 ob
766 1830 885 1939 offam.
944 1833 1056 1910 Tum
1084 1835 1243 1940 ponitur

83 1943 313 2053 affumptio,
333 1943 401 2053 qui
415 1944 551 2054 cupt'et,
570 1961 708 2025 metuet
724 1972 874 2053 quoque.
916 1945 1135 2054 Propositio
1155 1944 1243 2055 pos-

84 2074 218 2137 tremo
238 2057 279 2136 in
299 2057 387 2136 loco
407 2057 582 2166 ponitur,

173 2220 256 2330 Qai
268 2238 431 2301 metuens
447 2218 564 2315 vivit,
585 2218 678 2299 liber
696 2218 789 2299 mihi
802 2249 872 2299 non
891 2219 965 2299 erit
985 2248 1156 2330 unquamt

147 2395 213 2474 Sic
234 2390 384 2474 Terent.
406 2394 447 2474 in
468 2394 644 2474 Eunuch.
669 2393 871 2475 concludit
896 2412 935 2473 et
952 2396 1127 2501 judicat:
1160 2425 1244 2476 con-

69 2508 164 2615 filii
177 2525 323 2617 expers,
340 2507 479 2611 cornilio
494 2508 580 2613 regi
589 2536 659 2588 non
673 2506 817 2616 potest:
846 2537 949 2587 amor
963 2508 1011 2616 est
1026 2508 1163 2614 confilii
1178 2538 1244 2588 ax-

79 2638 201 2731 pers3
231 2619 370 2724 consilio
390 2619 514 2729 itaque
533 2619 619 2727 regi
634 2648 704 2700 non
717 2619 846 2729 potest.
907 2621 1163 2729 syllogismus
1184 2619 1244 2700 his

86 2732 218 2814 verbis
236 2730 434 2841 sequitur:

147 2900 268 2993 Here,
287 2927 371 3007 quae
390 2927 450 2977 res
469 2896 507 2977 in
511 2896 559 3005 sa
578 2926 690 3006 neque
709 2896 890 3002 confilium
909 2927 1021 3009 neque
1039 2898 1178 2979 modum

147 3010 279 3091 Habet
296 3011 426 3103 ullum,
446 3039 523 3089 eam
543 3008 682 3114 confilio
701 3038 830 3116 regere
847 3039 916 3090 non
929 3028 1047 3118 potes.

149 3126 197 3205 In
215 3152 337 3204 amore
355 3124 435 3202 hac
453 3120 572 3202 omnia
590 3121 713 3228 inszmt
729 3121 853 3215 vitia,·
885 3121 1050 3228 injuria,

149 3234 388 3344 Suspiciones,
407 3233 623 3328 inimicitia,
644 3233 816 3329 inducia,

149 3348 308 3444 Bellum,
322 3366 404 3457 pax
423 3346 571 3452 rurfion
583 3378 598 3424 .·
628 3344 774 3426 incerta
793 3345 922 3453 haecfi
937 3365 982 3426 tu
994 3347 1149 3456 postules

149 3461 309 3542 Ratione
327 3459 591 3567 certdfacere,
611 3459 721 3538 nihilo
733 3460 823 3569 plus
842 3487 948 3567 agos,

147 3572 321 3682 Qamst
334 3572 395 3653 des
413 3589 573 3681 operam,
595 3589 637 3650 ut
657 3601 737 3652 cum
757 3571 900 3652 ratione
918 3568 1090 3678 insanias.

150 3750 198 3829 In
218 3748 295 3829 hoc
315 3749 502 3857 exemplo
521 3746 734 3857 propofitio
750 3744 817 3824 suo
837 3746 925 3824 loco
945 3744 1014 3838 est,
1028 3775 1188 3854 quares
1207 3745 1246 3826 in

74 3861 228 3969 st,&c.
271 3863 348 3941 Pro
368 3860 627 3969 assumptione
648 3859 807 3969 ponitur
827 3858 907 3963 ejus
929 3857 1246 3965 prosyllogismos

90 3976 291 4055 variorum
311 3974 455 4054 amoris
475 3972 764 4079 adjunctorum,
785 3998 871 4077 quae
891 3969 1097 4049 confilium
1117 3973 1247 4080 impe-

92 4087 231 4183 diunt;
263 4114 373 4166 amor
400 4085 551 4167 confilii
577 4111 717 4194 expers
744 4082 813 4176 est,
834 4082 921 4191 quia
952 4081 990 4162 in
1020 4113 1142 4163 amore
1167 4084 1247 4164 hac

93 4199 218 4305 infinit
243 4198 356 4294 vitia,
384 4202 460 4280 διε.
522 4196 733 4277 Conclufio
761 4194 948 4302 sequitur,
982 4195 1126 4276 incerta
1153 4198 1245 4291 hac,

92 4315 169 4394 &c-
231 4311 355 4418 Cujus
376 4310 563 4390 sententia
578 4309 872 4417 comparatione
889 4308 1044 4416 parium
1065 4336 1247 4417 compre-

94 4422 296 4519 henditur,
321 4451 416 4530 ergo
444 4423 470 4503 fi
495 4451 672 4503 amorem
699 4419 858 4500 confilio
886 4448 1020 4528 regere
1040 4420 1111 4513 vis,
1139 4420 1248 4501 nitio

86 4539 191 4647 plus,
212 4540 285 4619 &c
