2956 4980
174 231 258 308 444
472 184 761 284 Prolusrones
787 188 1024 283 Oratoriae.

174 365 393 459 trahebant,
406 383 446 443 et
466 364 493 443 s1
512 391 611 472 quos
631 361 825 456 homines,
840 363 952 443 rudes
972 364 1059 444 illos
1080 382 1121 443 et
1140 364 1321 471 agrestes:

174 498 213 557 at
232 505 307 585 ego
327 477 563 557 dottiffimas
583 474 684 554 mihi
703 475 852 554 deditas
876 503 1000 569 aures,
1021 496 1060 557 et
1080 477 1128 555 ab
1147 505 1217 556 ore
1236 506 1323 557 meo

172 589 385 699 pendentes
397 589 525 668 video.
567 588 786 668 Novissime
806 588 972 695 agrestes
991 589 1065 683 illi,
1078 608 1119 668 et
1136 587 1229 668 ferae
1241 590 1322 695 jam

174 702 261 782 satis
274 721 409 782 notam
425 719 465 780 et
479 701 702 809 complures
714 701 939 780 exauditam
960 699 1220 808 sequebantur
1240 729 1323 780 ner·
1344 786 1351 801 ,

174 841 314 893 vorum
334 810 581 893 harmoniam
595 832 614 905 ς’
637 839 705 891 vos
723 839 815 891 vero
834 810 912 892 huc
933 813 1075 920 rapuit,
1096 832 1136 892 et
1148 812 1237 919 jam
1256 813 1323 892 de·

174 926 272 1005 tinet
292 924 369 1004 sola
386 924 619 1034 expectatio.
679 922 755 1001 Sed
771 941 902 1002 tamen
915 924 1165 1017 Academici,
1179 923 1248 1004 htc
1259 953 1323 1006 vos

173 1038 371 1145 imprimis
383 1033 717 1116 commonesadtos
729 1036 834 1129 volo,
851 1064 917 1115 me
934 1065 1012 1115 non
1025 1034 1107 1116 haec
1119 1036 1323 1142 gloriofius

173 1148 362 1256 crepuisse
373 1179 384 1242 ;
407 1149 559 1227 utinam
578 1148 687 1226 enim
703 1146 805 1227 mihi
822 1148 883 1227 vel
903 1149 944 1228 in
963 1148 1161 1256 praesentia
1182 1175 1323 1228 conce-

171 1260 328 1339 deretur
353 1259 544 1339 melleum
570 1259 683 1352 illud,
711 1260 775 1339 seu
804 1261 930 1340 verius
959 1260 1207 1339 Nectareum
1226 1261 1322 1340 Elo-

171 1372 340 1480 quentiae
358 1370 506 1450 flumen
526 1371 717 1479 quicquid
736 1399 913 1478 unquam
924 1371 1062 1452 Attica
1073 1372 1136 1452 vel
1152 1373 1321 1455 Romana

171 1485 329 1590 ingenia
357 1482 560 1562 imbuebat
590 1482 703 1582 olim,
732 1502 772 1562 et
801 1484 907 1590 quafi
934 1485 1088 1564 coelitus
1114 1484 1320 1578 irrorabat,

172 1598 324 1675 utinam
340 1593 442 1675 mihi
457 1595 593 1675 liceret
607 1623 769 1675 omnem
784 1596 938 1702 penitus
954 1594 1089 1676 Suadae
1103 1595 1321 1676 medullam

171 1735 357 1815 exugere,
386 1726 426 1788 et
450 1707 566 1816 ipfius
593 1708 714 1787 etiarn
741 1706 937 1786 Mercurii
959 1708 1094 1787 scrinia
1126 1707 1319 1802 suffurari,

171 1818 384 1926 omnesque
415 1819 699 1927 elegantiarum
727 1818 877 1898 loculos
903 1817 1078 1899 funditus
1101 1821 1321 1914 exinanire,

169 1956 250 2036 quo
269 1930 409 2039 possrm
429 1931 578 2038 aliquid
598 1949 704 2010 tanta
726 1931 1011 2039 expectatione,
1033 1950 1113 2010 tam
1137 1933 1323 2040 praeclaro

170 2059 289 2134 coetu,
311 2060 392 2120 tam
411 2040 580 2149 denique
601 2043 705 2122 terfis
725 2062 765 2122 et
783 2041 957 2123 delicatis
975 2042 1133 2121 auribus
1147 2043 1323 2150 'dignum

169 2150 333 2232 adferre.
375 2155 494 2248 Ecce,
513 2153 741 2248 Auditores,
761 2182 842 2261 quo
860 2182 925 2234 me
946 2172 1071 2262 raptat
1089 2172 1129 2232 et
1148 2154 1323 2265 impellit

169 2263 530 2345 vehementissimus
551 2266 665 2345 ardor
685 2284 724 2345 et
742 2265 971 2375 prolubium
992 2267 1172 2373 placendi
1192 2268 1322 2364 vobis,

171 2378 319 2487 quippe
340 2378 389 2457 de
408 2378 621 2487 improviso
645 2407 710 2458 me
737 2383 967 2487 proveetum
987 2378 1108 2457 sentio
1127 2380 1169 2457 in
1190 2381 1323 2460 ambi-

170 2490 321 2568 tionem
340 2492 552 2597 quandam,
575 2490 637 2568 sed
664 2518 753 2568 earn
780 2489 866 2568 sane
888 2492 1009 2598 piam,
1030 2509 1070 2569 et
1090 2488 1320 2587 honestum,

171 2599 197 2678 fi
223 2597 299 2680 hoc
323 2600 407 2679 fieri
435 2600 574 2710 potest,
596 2601 868 2708 Sacrilegium.
929 2599 1109 2687 Etcerte
1133 2603 1322 2684 existimo

169 2708 473 2822 haudquaquam
490 2712 592 2791 mihi
606 2741 705 2820 opus
717 2713 790 2792 esse
803 2713 1010 2793 Musarum
1027 2713 1222 2793 auxilium
1240 2718 1321 2796 irn-

167 2824 319 2931 plorare
333 2843 372 2904 et
383 2824 606 2934 exposcere,
620 2825 666 2903 iis
680 2826 786 2904 enim
803 2853 868 2904 me
882 2824 1188 2932 circumseptum
1203 2848 1326 2935 puto,

167 2937 238 3042 qui
258 2935 393 3016 Musas
420 2963 556 3016 omnes
582 2936 726 3044 spirant
752 2955 791 3017 et
812 2938 982 3032 Gratias,
1002 2956 1210 3044 totumque
1232 2969 1321 3019 reor

168 3047 363 3141 Helicona,
385 3067 424 3127 et
450 3076 692 3158 quaecunque
722 3048 806 3127 sunt
832 3049 906 3127 alia
926 3047 1133 3128 Musarum
1154 3049 1321 3131 delubra

88 3200 90 3204 ·
165 3157 212 3236 ad
228 3157 333 3238 hunc
345 3161 452 3239 diem
465 3160 742 3239 celebrandum
754 3188 890 3239 omnes
903 3160 989 3240 suos
1001 3160 1177 3240 effudiffe
1189 3161 1322 3242 alum-

167 3296 262 3365 nos;
293 3272 390 3350 adeo
411 3292 455 3352 ut
473 3271 659 3351 credibile
681 3269 725 3350 fit
746 3270 830 3375 jam
858 3300 962 3351 nunc
988 3292 1148 3380 propter
1175 3302 1319 3354 eorum

166 3381 377 3462 absentiam
408 3386 541 3491 lugere
576 3402 616 3462 et
648 3381 895 3463 deflorescere
927 3383 1105 3489 Parnaffl
1129 3386 1313 3480 Lauros;

165 3494 269 3570 unde
289 3493 466 3601 profesto
486 3493 624 3573 frustra
644 3495 718 3573 erit
737 3495 887 3588 Musas,
909 3514 948 3572 et
967 3493 1163 3588 Charites,
1183 3515 1222 3575 et
1243 3499 1316 3576 Li-

165 3602 312 3683 bentias
345 3604 508 3710 usquam
542 3626 732 3684 terrarum
766 3609 983 3713 quaeritare,
1010 3633 1130 3713 quam
1162 3610 1203 3686 in
1236 3606 1315 3689 hoc

163 3716 274 3810 loco;
306 3717 413 3823 quod
434 3717 460 3794 fi
481 3717 534 3795 ita
554 3717 613 3809 srt,
635 3717 781 3795 necesse
801 3717 857 3796 est
876 3719 1053 3826 protinus
1073 3717 1197 3827 ipsam
1215 3722 1315 3800 Bar-

162 3825 325 3921 bariem,
348 3831 548 3921 Errorem,
566 3830 847 3934 Ignorantiam,
868 3851 907 3909 et
926 3857 1044 3908 omne
1067 3830 1165 3909 illud
1185 3832 1321 3913 Mufis.

162 3940 330 4019 invisum
350 3968 473 4046 genus
492 3969 612 4047 quarn
628 3939 831 4019 celerrime
848 3937 1034 4047 aufugere
1047 3941 1095 4019 ad
1110 3941 1313 4050 aspedtum

160 4049 347 4144 vestrum,
368 4072 407 4130 et
427 4051 495 4130 sub
515 4052 662 4131 diverso
693 4053 809 4157 longe
833 4053 934 4130 coelo
953 4051 1185 4132 abscondere
1208 4052 1311 4149 sese;

160 4181 276 4269 atque
304 4162 443 4241 deinde
471 4164 634 4269 quidem
661 4164 757 4270 quid
784 4163 922 4256 obstat,
943 4190 1023 4270 quo
1044 4164 1174 4242 minus
1195 4167 1312 4272 quic-

160 4273 256 4380 quid
277 4274 332 4353 est
352 4274 532 4366 barbarae,
555 4274 709 4353 incultae
733 4295 772 4354 et
798 4274 977 4353 obsoletae
997 4275 1205 4354 locutionis
1225 4278 1312 4355 abi-

157 4405 271 4491 gatur
291 4383 493 4494 extemplb
514 4386 561 4464 ab
584 4386 773 4465 Oratione
802 4414 904 4479 mea,
928 4405 1044 4493 atque
1072 4413 1147 4493 ego
1174 4382 1310 4468 afflatu
