2956 4980
468 214 683 359 Epistola
711 224 991 325 Familiares.
1224 261 1302 343 379

329 677 367 756 8.
399 678 593 759 Benedirio
613 679 868 759 Bonmattlraeo
889 678 1134 756 Florentino.

257 852 353 931 Uod
380 881 498 933 novas
526 855 659 964 patriae
687 854 831 960 lingua
850 853 1116 933 Institutiones
1141 852 1304 931 adornas

287 963 516 1068 (Benedidte
548 966 820 1073 Bonmatthaee)
851 966 935 1071 jam
969 965 1079 1074 operi
1106 963 1307 1072 fastigium

156 1074 424 1184 imposrturus,
449 1096 490 1156 et
512 1105 727 1157 commune
760 1096 801 1158 tu
829 1078 993 1185 quidem
1024 1104 1115 1156 cum
1145 1076 1309 1156 summis

156 1187 392 1295 quibusdam
412 1191 580 1297 ingeniis
600 1192 674 1269 iter
688 1190 736 1269 ad
753 1190 911 1269 laudem
927 1189 1155 1297 ingrederis,
1168 1207 1207 1268 et
1221 1215 1309 1267 eam

157 1298 283 1406 spem,
304 1301 411 1407 quod
442 1302 572 1396 vide0,
601 1330 768 1409 eamque
799 1301 848 1380 de
880 1320 918 1380 te
944 1302 1175 1411 opinionem
1206 1300 1310 1410 apud

159 1412 279 1491 Cives
301 1432 387 1492 tuos
407 1414 622 1509 concitasti,
642 1432 687 1492 ut
705 1415 776 1521 qui
796 1413 844 1494 ab
864 1413 948 1493 aliis
968 1441 1054 1521 quae
1074 1413 1212 1492 tradita
1225 1413 1241 1518 j

159 1523 261 1618 sunt,
287 1525 334 1603 iis
365 1544 432 1605 aut
461 1525 607 1621 lucem,
629 1544 696 1605 aut
726 1527 898 1635 copiam,
924 1546 991 1604 aut
1019 1543 1124 1604 certe
1154 1525 1308 1618 limam,

158 1655 275 1743 atque
302 1637 483 1717 ordinem
511 1658 579 1719 tuo
604 1655 728 1718 marte
755 1637 869 1718 facile
889 1638 935 1717 srs
954 1639 1152 1717 allaturus.
1214 1643 1310 1747 Qo

158 1749 320 1827 nomine
341 1748 520 1857 profesto
539 1751 746 1860 populares
766 1769 852 1830 tuos
870 1778 991 1858 quam
1011 1776 1090 1828 non
1105 1748 1310 1855 vulgarem

136 1864 141 1870 ’
160 1861 204 1939 in
224 1861 391 1940 modum
411 1861 485 1941 tibi
504 1863 741 1957 devinxeris,
762 1864 905 1970 ingrati
925 1889 1070 1971 nempe
1087 1861 1158 1939 fint
1177 1861 1262 1970 ipsr,
1284 1861 1311 1939 fi

162 2000 243 2052 non
264 1973 543 2083 perspexerint.
604 1975 715 2055 Nam
736 1977 807 2082 qui
834 1975 874 2054 in
901 1975 1057 2054 civitate
1084 2001 1212 2053 mores
1239 1970 1313 2052 ho-

164 2086 323 2164 minum
353 2085 546 2194 sapienter
576 2087 681 2166 ndrit
711 2084 897 2181 formare,
929 2086 1117 2195 domique
1149 2104 1188 2165 et
1219 2085 1314 2164 belli

164 2197 358 2307 praeclaris
379 2198 563 2278 institutis
583 2227 732 2306 regere,
748 2199 862 2278 illum
882 2226 957 2305 ego
977 2226 1054 2306 prae
1067 2199 1211 2277 caeteris
1225 2226 1315 2276 om-

165 2310 209 2388 ni
227 2307 377 2389 honore
397 2312 577 2420 apprime
597 2312 763 2418 dignum
784 2311 857 2390 effe
875 2310 1112 2389 existimem.
1173 2309 1315 2388 Proxi-

166 2449 282 2501 mum
293 2419 388 2501 huic
401 2442 546 2517 tamen,
560 2425 630 2530 qui
644 2424 832 2531 loquendi
844 2422 1112 2528 scribendique
1125 2422 1316 2501 rationem

167 2552 209 2613 et
227 2560 407 2613 normam
429 2535 553 2643 probo
573 2537 700 2642 gentis
725 2535 861 2614 saeculo
882 2553 1095 2643 receptam,
1118 2535 1319 2642 praeceptis

167 2644 387 2753 regulisque
415 2646 559 2727 sancire
587 2648 789 2741 adnititur,
810 2667 850 2727 et
874 2647 996 2727 veluti
1023 2648 1198 2753 quodam
1217 2646 1319 2725 vallo

167 2759 502 2852 circummunire;
533 2760 641 2866 quod
660 2761 825 2867 quidem
852 2760 1006 2868 nequis
1031 2758 1186 2838 transrre
1206 2759 1317 2852 ausrt,

172 2887 327 2949 tantum
358 2898 437 2949 non
468 2874 644 2952 Romulea
675 2874 762 2979 lege
794 2873 839 2951 srt
868 2891 1043 2951 cautum.
1104 2870 1319 2978 Utriusque

170 2982 281 3061 enim
300 2979 446 3063 horum
464 2985 677 3063 utilitatem
693 2983 871 3063 conferre
892 2983 920 3062 fi
939 2983 1035 3062 libet
1049 2980 1200 3086 justum
1220 2983 1320 3061 utri-

170 3121 249 3201 que
281 3113 320 3173 et
351 3094 526 3175 sanctum
552 3098 717 3175 Civium
746 3097 974 3176 convictum
1003 3095 1100 3173 alter
1126 3093 1191 3173 ille
1220 3094 1321 3173 solus

172 3205 327 3284 efficere
345 3207 499 3316 potest;
530 3205 597 3287 hic
617 3237 707 3288 vero
729 3208 829 3287 solus
849 3206 1067 3299 liberalem,
1088 3225 1127 3285 et
1150 3206 1321 3315 splendi-

171 3317 285 3411 dum,
299 3337 339 3398 et
358 3319 621 3415 luculentum,
634 3321 740 3428 quod
762 3321 943 3429 proxime
963 3320 1003 3397 in
1020 3317 1120 3398 votis
1140 3318 1209 3397 est.
1249 3319 1321 3397 Ille

173 3429 216 3506 in
228 3427 383 3509 hostem
394 3431 490 3511 fines
507 3434 771 3525 invadentem,
785 3433 963 3512 ardorem
975 3433 1093 3510 credo
1107 3431 1321 3525 excelsum,

176 3559 218 3619 et
236 3543 431 3651 intrepida
445 3545 603 3624 consilia
619 3544 838 3654 suppeditat
853 3577 862 3639 ;
895 3546 978 3623 Hic
992 3543 1219 3624 Barbariem
1239 3545 1324 3623 ani-

176 3681 263 3733 mos
294 3651 507 3735 hominum
538 3656 613 3736 late
638 3657 912 3750 incursantem,
941 3656 1088 3736 foedam
1111 3674 1151 3735 et
1174 3656 1323 3736 intesti-

177 3792 271 3845 nam
290 3767 540 3874 ingeniorum
561 3769 820 3878 perduellem,
843 3770 958 3849 doru
977 3771 1134 3847 aurium
1149 3768 1324 3861 censura,

178 3875 488 3990 Authorumque
515 3879 712 3962 bonorum
735 3882 919 3989 expeditri
946 3908 1081 3973 manu,
1107 3880 1326 3989 exploden-

178 3988 270 4069 dam
291 3990 374 4087 fibi,
391 4011 431 4072 et
449 3991 721 4073 debellandam
741 3993 910 4101 suscipit.
971 3994 1117 4099 Neque
1132 3992 1239 4072 enim
1256 3994 1326 4100 qui

179 4099 320 4197 sermo,
346 4103 514 4213 purusne
541 4134 589 4185 an
617 4124 838 4214 corruptus,
858 4132 991 4213 quave
1018 4104 1206 4211 loquendi
1235 4133 1327 4214 pro-

178 4214 322 4320 prietas
350 4217 579 4323 quotidiana
611 4218 759 4327 populo
790 4218 849 4311 sit,
877 4218 988 4325 parvi
1018 4216 1193 4296 interesse
1225 4217 1329 4297 arbi-

180 4327 364 4407 trandum
384 4330 453 4423 est,
474 4359 559 4438 quae
579 4359 638 4410 res
657 4329 818 4409 Athenis
847 4356 924 4408 non
953 4329 1072 4408 semel
1096 4329 1207 4407 saluti
1225 4328 1326 4408 fuit:

179 4439 305 4519 immo
331 4469 437 4536 ver0,
464 4444 571 4549 quod
604 4442 775 4523 Platonis
801 4441 986 4521 sententia
999 4441 1083 4551 [est‚
1118 4443 1330 4523 immutato
