2956 4980
389 240 603 377 Epistola
631 239 909 340 Familiares.
1149 281 1201 365 39
1207 287 1228 367 5

73 418 298 510 rediiorem,
312 419 376 498 vel
396 419 567 527 reliquos
580 418 787 496 Tradatus
803 417 877 496 tibi
897 419 1068 514 mittam,
1084 415 1229 499 faciam

73 528 208 608 sedulo
227 549 267 609 et
285 530 466 611 libenter.
527 531 637 610 Nam
654 546 853 609 mutatum
873 531 915 608 in
938 531 986 608 iis
1012 529 1229 637 quicquam

73 659 141 720 aut
159 641 340 721 additum
360 641 516 722 nonest
542 643 583 720 in
606 640 803 748 praesentia
828 641 936 749 quod
958 641 1094 720 velim.
1149 643 1230 720 lta-

75 780 154 859 que
175 752 259 831 fiin
280 770 346 833 tua
361 753 548 833 sententia
564 752 796 862 praestiteris,
813 751 938 832 fidum
953 779 1028 860 ego
1044 749 1147 831 mihi
1158 754 1231 831 'In-

76 883 304 973 terpretem,
326 866 399 945 tibi
419 862 542 944 fausta
561 864 695 944 omnia
715 884 875 972 exopto.

164 977 484 1086 Westmonasterio,
507 974 603 1055 Feb.
628 1001 666 1081 5.
696 976 814 1082 1654.

281 1401 342 1483 17.
376 1376 571 1457 Ezechieli
587 1376 799 1484 Spanlemio
823 1376 1034 1482 Genevenfi.

192 1533 307 1614 Escio
337 1563 417 1642 quo
448 1534 535 1614 casu
563 1536 762 1629 acciderit,
794 1555 837 1615 ut
863 1537 1004 1615 Literae
1036 1556 1109 1616 tuae
1146 1538 1233 1645 post

218 1648 337 1754 paulo
372 1649 502 1726 minus
534 1666 609 1728 tres
640 1647 790 1727 menses
822 1646 922 1726 mihi
955 1648 1028 1727 sint
1059 1649 1231 1742 redditae,

79 1785 202 1865 quam
222 1758 288 1836 abs
309 1777 345 1837 te
365 1760 485 1837 datae:
509 1760 607 1838 meis
626 1757 801 1867 profesio
818 1760 1060 1868 expeditiore
1080 1760 1232 1870 prorsus

80 1869 129 1948 ad
150 1888 186 1948 te
207 1889 432 1949 commeatu
453 1871 568 1978 plane
589 1871 644 1950 est
662 1899 783 1979 opus;
805 1900 900 1979 quas
920 1872 1018 1951 dum
1037 1872 1086 1951 de
1105 1871 1167 1950 die
1191 1873 1232 1951 in

80 1981 189 2060 diem
209 1980 372 2061 scribere
392 1982 692 2094 constituebam,
719 1984 1042 2091 occupationibus
1070 1983 1231 2091 quibus-

81 2093 174 2172 dam
197 2093 393 2172 coutinuis
418 2093 647 2201 impeditus,
673 2096 713 2172 in
744 2095 910 2173 alterum
934 2093 1014 2174 sere
1041 2094 1233 2175 trimestre

81 2202 249 2312 spatium
278 2204 565 2312 procrastinaffe
590 2233 654 2285 me
679 2204 814 2284 sentio.
874 2207 940 2284 Tu
964 2235 1056 2285 vero
1083 2235 1133 2285 ex
1158 2204 1232 2285 hac

81 2344 170 2395 mea
190 2318 368 2397 tarditate
383 2316 613 2396 rescribendi
629 2317 750 2396 velim
766 2317 975 2423 intelligas,
993 2317 1231 2397 benevolen-

82 2429 144 2508 tiae
163 2456 256 2537 erga
275 2456 340 2507 me
362 2447 436 2507 tuae
455 2457 532 2509 non
554 2427 741 2507 refrixisse
761 2429 943 2536 gratiam,
967 2429 1030 2507 sed
1050 2457 1097 2508 eo
1117 2429 1232 2510 altius

82 2540 255 2620 insedisse
276 2543 525 2632 memoriam,
543 2567 623 2647 quo
643 2539 776 2649 saepius
797 2557 913 2647 atque
933 2541 1080 2620 diutius
1101 2540 1149 2619 de
1168 2539 1245 2648 of-¹

83 2651 174 2732 ficio
202 2680 291 2732 meo
311 2653 476 2731 viciffim
508 2653 582 2731 tibi
613 2652 809 2731 reddendo
840 2652 964 2732 indies
994 2652 1231 2760 cogitabam.

85 2763 221 2844 Habet
238 2762 314 2843 hoc
335 2764 470 2843 saltem
489 2764 610 2842 officii
631 2765 738 2844 tarda
758 2763 899 2843 solutio
915 2793 995 2872 quo
1011 2765 1046 2842 se
1061 2765 1232 2859 excuset,

83 2874 180 2955 dum
200 2876 340 2955 clarius
360 2876 570 2955 confitetur
589 2874 737 2968 deberi,
764 2875 871 2984 quod
899 2894 1006 2955 tanto
1025 2875 1111 2982 post
1131 2895 1232 2954 tem-

84 3015 195 3096 pore,
215 3016 337 3094 quam
356 2987 463 3095 quod
485 2986 614 3066 statim
634 2986 878 3096 persolvitur.
940 2987 1013 3065 Illa
1033 3006 1071 3066 te
1093 2989 1232 3095 impri-

83 3100 160 3179 mis
181 3101 405 3179 Literarum
425 3099 540 3178 initio
561 3126 638 3177 non
655 3095 797 3178 fefellit
816 3099 864 3177 de
885 3125 949 3177 me
971 3100 1131 3207 opinio;
1154 3126 1232 3177 non

83 3211 219 3290 mirari
248 3212 274 3290 fi
301 3209 323 3290 d
348 3211 556 3320 peregrino
583 3207 745 3290 homine
770 3210 935 3289 salutor:
968 3237 1094 3317 neque
1122 3211 1232 3289 enim

84 3323 226 3402 res'tius
246 3324 294 3401 de
315 3350 380 3401 me
400 3321 570 3414 senseris,
597 3350 718 3429 quam
739 3322 766 3401 fi
791 3322 840 3400 src
863 3322 1078 3413 existimet,
1105 3323 1235 3400 nemi-

85 3460 179 3514 nem
194 3462 260 3514 me
272 3434 401 3514 virum
418 3435 568 3513 bonurn
581 3433 620 3511 in
637 3434 834 3542 peregrini
847 3453 914 3511 aut
929 3434 1056 3540 ignoti
1069 3461 1235 3513 numero

86 3542 241 3625 habere.
301 3547 446 3625 Talem
463 3564 499 3624 te
516 3544 589 3624 elle
605 3544 720 3625 facile
741 3543 842 3624 mihi
863 3545 1125 3653 persuadetur,
1139 3572 1233 3625 cum

84 3655 193 3764 qudd
213 3658 339 3737 Patris
358 3657 566 3737 doetiffimi
585 3676 702 3764 atque
718 3656 938 3737 sanstiffimi
959 3684 998 3736 es
1018 3656 1135 3750 filius,
1149 3677 1235 3737 tum

84 3769 193 3876 quod
212 3766 235 3847 i
255 3770 361 3847 Viris
384 3769 496 3848 bonis
525 3769 649 3848 bonus
673 3769 920 3861 existimaris,
951 3789 1036 3847 tum
1066 3771 1236 3876 denique

84 3880 193 3987 quod
208 3880 323 3959 odisti
339 3880 475 3960 malos.
524 3882 632 3959 Cum
645 3879 802 3986 quibus,
817 3878 1136 3986 quandoquidem
1157 3880 1236 3957 mi-

86 3989 129 4070 hi
147 4018 308 4099 quoque
329 3991 479 4071 bellum
499 3991 572 4071 elle
586 3992 767 4097 contigit,
784 3989 879 4069 fecit
898 4018 971 4098 pro
990 3987 1235 4069 humanitate

86 4102 153 4183 sua
174 4103 440 4209 Calandrinus,
462 4103 589 4211 deque
609 4129 697 4181 mea
716 4102 918 4196 sententia,
939 4120 984 4180 ut
1004 4101 1236 4209 significaret

86 4215 175 4309 tibi,
199 4234 425 4324 pergratum
447 4213 548 4294 mihi
568 4213 667 4307 sore,
689 4215 716 4294 sr
735 4234 869 4293 contra
888 4240 1144 4293 communem
1166 4214 1235 4293 ad-

85 4325 298 4407 versarium
323 4345 388 4406 tua
419 4326 581 4406 subsrdia
605 4352 764 4406 mecum
794 4324 1128 4406 communicasses.
1190 4327 1236 4406 ld

87 4438 194 4545 quod
222 4437 282 4519 his
303 4439 390 4549 ipsis
411 4439 552 4517 Literis
579 4437 874 4547 perhumaniter
901 4437 1040 4530 fecisti,
1067 4466 1235 4545 quarum
