2956 4980
367 238 581 374 Epistolae
609 242 888 340 Familiares.
1123 284 1204 362 409

54 437 136 488 non
154 411 511 508 Nazianzenicum;
539 415 712 497 foelicem
732 434 865 497 autem
884 415 980 498 huic
1001 445 1104 498 nunc
1121 419 1208 502 satis

54 519 253 617 futurum,
275 525 302 604 fi
323 525 423 606 nihil
444 529 550 608 aliud
570 529 799 622 decreverit,
828 558 950 637 quam
969 531 1209 636 ejiciendum

55 632 131 711 effe
147 636 317 716 Morum.
376 641 442 719 De
461 641 676 720 adversario
694 639 910 720 Posthumo
923 641 1038 721 simul
1053 671 1098 722 ac
1114 672 1207 753 pro·

55 743 188 840 dierit,
209 744 271 826 fac
291 777 372 844 me,
394 779 505 859 rogo,
530 754 661 862 primo
682 781 840 860 quoque
867 772 1045 863 tempore
1064 758 1208 837 certio·

57 883 159 935 rem.
219 859 332 939 Vale.

145 970 336 1078 Westmon.
359 975 554 1054 Decemb.
579 1001 645 1055 20.
673 977 791 1083 1659.

188 1284 254 1364 30.
288 1258 420 1339 Nubili
434 1260 670 1368 Adolescenti
686 1259 887 1342 Richardo
907 1263 933 1367 J
936 1263 1079 1344 onesro.

163 1422 256 1501 Uod
269 1423 389 1530 longo
406 1424 608 1504 intervallo
620 1425 668 1504 ad
681 1452 746 1504 me
767 1424 920 1518 scribas,
933 1423 1210 1504 modestiffime

189 1553 233 1613 tu
253 1536 416 1643 quidem
438 1555 475 1615 te
491 1535 663 1631 excusas,
679 1537 749 1643 qui
764 1536 878 1646 poffis
892 1536 1063 1642 ejusdem
1076 1536 1211 1615 deliui

60 1671 126 1724 me
147 1647 289 1726 restius
309 1646 510 1727 accusare:
536 1668 581 1728 ut
603 1646 709 1728 haud
735 1647 852 1728 sciam
876 1646 1053 1757 proferto
1074 1666 1210 1727 utrum

60 1783 140 1834 non
159 1756 362 1865 deliquisse
382 1779 435 1853 te,
456 1788 505 1839 an
525 1760 575 1839 fic
595 1759 801 1854 excusaffe,
822 1761 1045 1840 maluerim.
1106 1758 1211 1839 Illud
1269 1754 1272 1762 ⁴

60 1867 133 1946 tibi
152 1869 193 1947 in
210 1888 387 1951 mentem
407 1899 500 1952 cave
519 1873 672 1966 veniat;
705 1900 769 1951 me
789 1871 1071 1980 gratitudinem
1086 1888 1211 1964 tuam,

61 1978 90 2057 fi
120 2008 199 2089 qua
231 1981 334 2063 mihi
366 1982 433 2064 abs
465 2002 502 2063 te
530 1983 708 2078 debetur,
742 1985 966 2063 Literarum
997 1983 1213 2063 affiduitate

61 2093 218 2174 metiri:
241 2112 328 2175 tum
349 2114 386 2175 te
401 2093 662 2203 gratissimum
677 2095 854 2176 adversus
870 2124 934 2175 me
954 2094 1027 2175 effe
1048 2093 1212 2188 senser0,

60 2230 157 2283 curn
176 2233 266 2287 mea
285 2234 378 2314 erga
397 2226 436 2287 te
462 2235 548 2315 quae
574 2208 756 2315 praedicas
784 2209 938 2301 merita,
964 2234 1041 2285 non
1066 2205 1214 2285 tamin

61 2317 207 2398 Literis
239 2317 399 2413 crebris,
431 2347 554 2427 quam
587 2321 629 2398 in
660 2319 823 2428 optimis
852 2336 1044 2428 perpetuo
1078 2316 1214 2396 studiis

63 2429 142 2508 tuis
161 2458 206 2510 ac
225 2430 405 2510 laudibus
421 2429 676 2540 apparebunt.
720 2431 840 2509 Viam
859 2429 1014 2510 virtutis
1033 2427 1212 2537 quidem,

62 2540 104 2618 in
132 2541 202 2621 illo
227 2541 332 2623 orbis
359 2559 548 2622 terrarum
570 2543 784 2650 Gymnasro
807 2543 915 2651 quod
944 2569 984 2620 es
1010 2538 1214 2648 ingressus,

63 2656 168 2733 recte
194 2653 344 2748 fecisti;
376 2653 439 2733 sed
469 2657 575 2734 viam
607 2655 701 2735 scito
728 2655 839 2733 illam
866 2654 1020 2733 virtutis
1051 2679 1096 2732 ac
1127 2651 1216 2732 vitii

62 2791 344 2860 communem;
367 2767 462 2846 illuc
478 2767 825 2876 progrediendum,
839 2766 908 2845 ubi
923 2767 986 2844 via
1002 2765 1043 2843 in
1062 2763 1217 2844 bivium

63 2873 275 2982 se}scindit.
335 2879 476 2986 Teque
496 2880 547 2958 fic
572 2907 799 2987 comparare
820 2877 904 2983 jam
932 2904 1037 2956 nunc
1064 2895 1217 2955 mature

63 2989 197 3084 debes,
218 3009 262 3070 ut
281 2988 414 3071 relicta
434 2989 507 3071 hac
523 2992 742 3084 communi,
764 2991 918 3070 amoend
937 3017 982 3069 ac
1001 2987 1153 3080 florida,
1169 2984 1217 3065 il-

62 3101 146 3181 lam
161 3102 323 3182 arduam
336 3131 381 3182 ac
394 3103 613 3195 difficilem,
627 3103 697 3211 qui
715 3102 829 3182 solius
841 3102 995 3181 virtutis
1009 3099 1132 3180 clivus
1144 3097 1215 3191 est,

65 3213 134 3292 tud
158 3214 294 3324 sponte
318 3214 518 3307 libentius,
544 3217 665 3294 etiam
689 3242 782 3293 cum
807 3214 939 3293 labore
958 3240 1002 3292 ac
1023 3209 1216 3320 pericu10,

65 3325 181 3433 poffis
195 3325 412 3406 ascendere.
473 3327 520 3406 Id
538 3346 580 3406 tu
596 3356 674 3435 prae
686 3327 771 3406 aliis
786 3325 914 3406 multo
931 3322 1099 3416 facilius,
1114 3317 1217 3401 mihi

64 3436 196 3531 crede,
223 3439 383 3546 poteris,
408 3439 479 3547 qui
503 3459 584 3518 tam
607 3439 733 3518 fidum
761 3467 805 3518 ac
830 3438 1003 3547 peritum
1024 3438 1159 3515 nadus
1178 3459 1218 3511 es
1268 3495 1270 3501 ,

65 3549 214 3629 itineris
233 3552 406 3630 Ducem.
466 3551 580 3630 Vale.

126 3662 446 3772 Westmonasterio,
467 3661 664 3742 Decemb.
687 3688 754 3742 20.
783 3663 902 3769 1659.

99 3979 164 4061 3¹·
199 3952 432 4059 Ornatiffimo
454 3952 543 4031 Viro
564 3953 680 4032 Petro
701 3946 985 4042 Heimbachio,
1009 3947 1189 4028 aleatoris

354 4062 690 4172 Brandenburgici
711 4059 938 4168 Coryiliario.

71 4227 155 4416 Sl
173 4227 274 4306 inter
287 4245 346 4305 tot
362 4228 519 4305 Funera
536 4224 792 4332 Popularium
807 4249 1005 4314 meorum,
1023 4245 1125 4298 anno
1139 4236 1220 4297 tam

165 4340 275 4447 gravi
292 4366 336 4452 ac
356 4338 786 4448 pestilenti‚abreptum
804 4362 868 4413 me
886 4349 1111 4441 quoque,ut
1128 4330 1220 4408 scri-

67 4451 142 4547 bis,
169 4479 219 4531 ex
251 4479 410 4531 rumore
437 4449 646 4558 prasertim
671 4450 801 4558 aliquo
831 4446 1041 4537 credidisti,
1075 4443 1222 4521 mirum
