2956 4980
310 215 472 327 Literae
499 210 693 311 Oliverii
719 216 1010 317 protectoris.
1157 232 1238 340 267

105 539 285 628 Oliverius
294 550 493 630 Protelior
505 549 877 658 Reip.Angliae‚&c.
892 549 1241 656 SerenfflmoPrin-

10 740 14 771 Ι
144 658 217 769 cipi
237 660 384 740 Carolo
405 663 581 742 Gustavo
607 661 820 756 Succorum,
844 663 1063 756 Gothorum,
1087 663 1241 744 Vanda-

143 769 326 882 lorumque
353 775 463 880 Regi,
495 777 639 881 Magno
670 774 848 882 Principi
875 775 1101 868 Frulandiae,
1133 777 1246 857 Duci

142 884 339 992 Esthrniae,
355 886 533 979 Coreliae,
550 889 711 979 Bremae,
728 884 875 980 Verdae,
893 887 1045 981 Stetini,
1061 889 1253 976 Pomerae

136 995 224 1090 nia,
240 996 423 1106 Caffubiae
438 1017 474 1078 et
493 996 699 1091 Vandaliae,
718 998 896 1108 Principi
912 999 1064 1106 Rugiae,
1082 1001 1240 1081 Domino

138 1108 301 1214 Ingriae,
323 1110 560 1219 Wifflnariae,
588 1139 721 1190 necnon
744 1111 883 1190 Comiti
903 1111 1083 1192 Palatino
1103 1113 1239 1207 Rheni,

135 1221 341 1315 Bavariae,
362 1222 454 1330 Jul.
478 1221 617 1302 Cliviae
635 1238 673 1301 et
692 1223 879 1303 Montium
900 1222 1021 1317 Duci,
1036 1223 1116 1303 &a

168 1385 416 1467 Sereniffime
437 1387 649 1496 Princeps;

171 1509 384 1592 Erfunuus
404 1511 621 1618 Legatione
643 1509 833 1619 sudapud
853 1538 923 1592 nos
944 1514 1086 1592 Petrus
1105 1513 1242 1620 Julius

199 1623 363 1717 Coiiius,
383 1642 500 1732 atque
517 1623 571 1704 ita
591 1620 821 1731 perfunctus
835 1641 879 1703 ut
897 1624 1106 1705 suadebitur
1125 1626 1239 1705 laude

48 1756 160 1815 non
180 1734 382 1815 inornatus
401 1733 553 1816 anobis
572 1733 831 1814 dimittendus
851 1736 910 1829 fit,
928 1737 975 1817 ad
990 1736 1240 1842 Majestatem

48 1846 250 1927 vestram
269 1850 489 1928 revertitur.
550 1848 646 1928 Fuit
666 1847 776 1926 enim
791 1844 886 1927 cium
898 1848 1024 1927 vestro
1045 1849 1240 1958 praecipud

52 1959 261 2053 nomine,
274 1959 382 2068 quod
395 1961 483 2067 jure
503 1958 607 2069 apud
628 1987 698 2038 nos
716 1957 881 2067 plurimi
895 1960 968 2040 elle
984 1961 1115 2054 debet,
1128 1963 1241 2044 nobis

56 2070 336 2178 gratiffimus,
359 2092 445 2152 tum
469 2072 537 2152 suo
562 2073 683 2151 etiam
708 2073 867 2165 merito,
888 2071 956 2151 suo
980 2101 1124 2182 nempe
1149 2102 1241 2154 mu-

55 2207 177 2263 nere
217 2181 511 2289 diligentiffime
549 2183 674 2275 obit0,
715 2181 819 2263 haud
863 2211 1003 2291 parum
1042 2205 1239 2294 acceptus.

63 2300 227 2403 Quam
251 2295 374 2402 igitur
398 2297 786 2376 commendationem
805 2296 973 2376 vestram
993 2296 1042 2374 de
1061 2325 1108 2375 eo
1128 2324 1241 2377 acce-

58 2408 234 2514 pimus,
251 2435 339 2487 eam
361 2407 406 2513 (fi
425 2408 522 2516 quid
543 2407 591 2486 ad
610 2434 699 2486 eam
718 2407 900 2487 accedere
919 2408 1141 2487 testimonio
1157 2408 1240 2489 ullo

57 2517 230 2626 potest)
255 2539 295 2598 et
318 2519 367 2599 ab
393 2520 476 2630 ipso
503 2519 725 2628 impletam,
751 2538 791 2597 et
815 2517 836 2599 ia
860 2519 971 2599 vobis
997 2519 1240 2601 meritiffime

61 2633 234 2722 datam,
249 2629 414 2711 libentes
436 2632 575 2739 utique
597 2630 783 2711 testamur
798 2662 818 2714 :A
838 2632 1181 2739 quemadmodum
1201 2652 1240 2714 et

63 2742 112 2824 is
133 2742 282 2850 poterit
298 2743 476 2823 nostrum
490 2771 582 2850 erga
597 2743 848 2847 Majestatem
864 2744 1031 2823 vestram
1049 2744 1239 2851 singulare

65 2854 260 2935 studium
284 2874 324 2934 et
345 2854 645 2946 observantiam,
666 2854 804 2935 eidem
828 2854 906 2933 fide
930 2875 1046 2964 atque
1073 2858 1240 2962 integri-

68 2984 162 3047 tate
183 2964 231 3045 ad
254 2994 323 3045 vos
347 2965 505 3060 referre,
526 2967 798 3075 veriffimeque
818 2995 1032 3075 exponere.
1093 2969 1239 3047 Extre-

69 3104 199 3159 mum
220 3076 320 3156 illud
339 3080 395 3159 est
412 3099 455 3158 ut
471 3078 670 3185 Majestati
682 3079 813 3157 vestrae
826 3076 1057 3158 felicitatem
1076 3106 1239 3160 ornnem

75 3190 293 3270 vicloriaru
299 3219 419 3330 mque
433 3190 590 3271 cursum
602 3209 738 3271 contra
753 3218 888 3270 omnes
901 3191 1045 3270 Hostes
1060 3190 1238 3272 Ecclefiae

79 3322 339 3412 perpetuum,
360 3331 382 3382 a
402 3304 493 3382 Deo
515 3307 614 3412 Opt.
638 3303 905 3410 Maximoque
926 3322 1123 3412 optemus.

172 3413 493 3521 Wrstmonasterio.
544 3414 667 3524 April
687 3439 750 3520 17.
778 3416 825 3493 16
831 3416 897 3520 56.

276 3527 494 3633 Majestatis
514 3529 644 3607 vestrae
664 3526 979 3620 Studiofiffimus,

385 3639 591 3733 Oliverius,
612 3641 814 3719 Protedior
831 3641 950 3749 Reip.
972 3618 1142 3746 Anglii,
1162 3643 1238 3721 ἃς.

94 3912 290 3993 oliverius
315 3915 512 3993 Protellor
533 3912 641 4020 Reip.
664 3914 834 4020 Angliae,
856 3913 934 3991 &a
958 3911 1175 4018 Serenffmo
1193 3943 1241 3994 ac

143 4024 386 4131 Potentfflmo
408 4023 585 4133 Principi
601 4025 806 4105 Ludovico
830 4024 968 4104 Gallr'ae
988 4023 1097 4132 Regi,
1121 4028 1162 4104 S.
1178 4028 1235 4106 D.

171 4179 415 4260 Sereniffime
437 4179 649 4289 Princeps3
694 4167 697 4175 ¹

91 4293 372 4484 ADierunt
390 4291 438 4372 ad
458 4319 527 4371 nos
541 4321 611 4402 per
625 4291 806 4371 libellum
823 4291 1056 4401 supplicem,
1071 4293 1239 4400 Joannes

21 4492 25 4497 ,
229 4404 372 4485 Dethic
386 4404 492 4483 urbis
506 4402 671 4483 Londini
683 4406 722 4482 in
739 4402 843 4483 hunc
857 4433 1004 4484 annum
1021 4403 1238 4511 praefedtus,

10 4496 24 4670 Ι
87 4534 127 4597 et
149 4517 353 4598 Gulr'elmus
374 4515 581 4625 Wakefield
601 4517 817 4609 Mercator,
838 4517 1055 4625 conquesti,
1077 4516 1112 4596 se
1136 4544 1238 4598 anno
