2956 4980
160 263 239 346 302
391 183 554 318 Literie
579 214 773 315 Oliverii
798 158 1090 315 Protedtorii.

159 657 359 741 Oliverius
392 657 590 738 Proteiior
620 655 729 766 Reip.
763 654 933 762 Anglii,
967 652 1046 735 &a
1088 647 1282 756 Sereniffino

213 767 393 879 Principi
407 771 466 851 D.
484 770 517 848 F
520 767 692 848 rederico
706 766 930 847 Wilhelmo
944 763 1167 846 Marchioni
1178 764 1286 843 Brun·

212 880 463 990 denburgerfi,
498 880 612 961 Sacri
639 879 800 960 Romani
833 877 989 989 Imperii
1022 875 1290 958 Archi-Came·

212 995 331 1088 rario,
364 1022 411 1073 ac
446 990 623 1101 Principi
647 991 815 1073 Eleilori
836 988 1107 1099 Magdeburgi,
1134 986 1295 1093 Pruffiae,

214 1107 353 1216 Juliae,
377 1104 528 1195 Cliniae,
546 1105 750 1198 Montium,
776 1102 924 1197 Stetini,
949 1099 1195 1193 Pomeraniae,
1218 1099 1297 1207 Cas·

198 1219 392 1328 subiorum
415 1217 747 1328 Vandalorumque,
767 1246 833 1298 nec
852 1245 921 1295 non
941 1215 978 1294 in
1008 1212 1137 1319 Silefia
1160 1213 1300 1321 Crosnae

214 1351 251 1415 et
265 1329 466 1413 Carnoviae
477 1329 598 1424 Duci,
611 1329 858 1437 Burggravio
870 1325 1177 1434 Norinbergerfi,
1192 1323 1302 1406 Prin·

216 1445 293 1555 cipi
310 1442 567 1553 Halberstadii
586 1460 622 1523 et
646 1440 808 1535 Mindae,
830 1439 967 1521 comiti
988 1442 1143 1519 Marcae
1169 1455 1208 1517 et
1229 1438 1303 1516 Ra·

214 1552 421 1666 vensbergi,
442 1554 600 1637 Domino
618 1554 657 1635 in
678 1553 916 1663 Ravenstein.
975 1552 1014 1632 S.
1031 1552 1077 1631 P.
1092 1552 1151 1630 D.

162 1740 407 1820 Sereniffime
428 1739 629 1848 Princeps,
652 1739 795 1818 Amice
814 1766 859 1819 ac

262 1850 467 1930 Foederate
488 1849 737 1943 Chariffime,

256 1988 341 2066 Um
361 2015 405 2066 ea
425 1987 470 2066 fit
490 1986 743 2066 Celfitudinis
761 1986 892 2066 vestrae
911 1984 1112 2095 fingularis
1130 1988 1256 2067 virtus
1274 2005 1311 2066 et

284 2126 378 2209 pace
404 2117 443 2180 et
467 2095 573 2178 bello
594 2118 785 2181 terrarum
803 2098 896 2178 orbe
921 2119 1005 2180 toto
1020 2098 1106 2206 jam
1126 2100 1245 2193 clara,
1269 2127 1312 2178 ea

164 2211 397 2321 magnitudo
416 2212 539 2291 animi
558 2230 675 2321 atque
690 2211 917 2305 constantia,
933 2230 980 2291 ut
994 2212 1215 2291 amicitiam
1230 2210 1312 2290 ves-

162 2344 264 2406 tram
286 2352 423 2405 omnes
446 2323 529 2405 fere
557 2325 758 2434 Principes
781 2325 901 2403 vicini
927 2319 1116 2416 ambiant,
1137 2325 1312 2403 amicum

162 2458 203 2519 ct
232 2437 380 2517 socium
413 2465 530 2517 nemo
563 2435 782 2517 fideliorem
813 2436 884 2515 fibi
913 2455 981 2515 aut
1009 2435 1312 2516 constantiorem

162 2551 310 2658 cupiat,
330 2568 374 2629 ut
394 2576 463 2629 nos
483 2577 642 2658 quoque
662 2551 703 2627 in
723 2577 861 2628 eorum
885 2575 1051 2627 numero
1070 2547 1144 2627 effe
1164 2549 1313 2628 intelli-

163 2661 263 2768 gatis
283 2662 352 2768 qui
370 2660 418 2739 de
438 2660 546 2740 vobis
565 2661 775 2769 vestrisque
795 2661 963 2768 egregiis
978 2659 1027 2739 de
1042 2661 1135 2851 Rip.
1154 2661 1255 2739 Clari
1281 2661 1314 2740 i·

162 2802 238 2852 ana
253 2773 404 2852 meritis
415 2800 536 2880 quam
550 2771 702 2883 optime
714 2800 914 2881 quamque
931 2772 1090 2881 praeclar
1127 2771 1312 2866 sentiunt,

163 2883 448 2965 nobiliffimum
467 2886 598 2964 virum
626 2885 846 2966 Gulielmum
868 2883 1083 2993 Jepstmum,
1106 2879 1315 2965 Tribunum

164 2997 351 3091 Militum,
367 3015 405 3076 et
419 2997 661 3080 Parlamenti
673 2997 789 3105 nostri
805 2999 1030 3090 Senatorem,
1048 2996 1097 3076 ad
1116 3025 1185 3076 vos
1208 2999 1315 3077 mifi-

166 3138 267 3204 mus,
286 3110 355 3219 qui
375 3105 486 3189 vobis
507 3109 635 3189 nostro
660 3109 820 3188 nomine
844 3128 883 3189 ct
910 3108 1123 3221 plurimam
1148 3107 1313 3188 salutem

164 3222 283 3315 dicat,
302 3241 343 3301 et
367 3221 482 3300 rebus
512 3221 644 3301 vestris
669 3219 899 3300 felicitatem
924 3248 1087 3301 omnem
1114 3222 1318 3301 ominetur

164 3353 280 3442 atque
296 3352 458 3443 exoptet
473 3364 483 3426 3
515 3334 686 3414 nostram
698 3335 868 3441 denique
879 3332 1194 3414 benevolentiam
1208 3333 1317 3413 sum·

166 3471 358 3551 mumque
389 3446 559 3525 studium
584 3474 676 3554 erga
704 3445 871 3525 vestram
901 3446 1159 3526 Serenitatem
1185 3446 1318 3527 verbis

164 3555 410 3666 ampliffimis
430 3577 624 3665 exponat:
656 3560 772 3666 eique
791 3558 954 3666 proinde
975 3556 1110 3652 fidem,
1128 3559 1174 3638 iis
1190 3559 1233 3637 in
1254 3588 1317 3640 re-

164 3668 236 3749 bus
252 3668 299 3747 de
320 3669 463 3776 quibus
483 3669 685 3748 vobiscum
705 3670 845 3778 egerit,
865 3669 1030 3749 eandem
1051 3669 1225 3751 habeatis
1250 3700 1317 3751 ro-

163 3808 317 3889 gamus,
339 3808 393 3860 ac
427 3780 454 3860 s1
488 3777 510 3859 d
544 3781 827 3891 nobismetipsts
859 3782 992 3862 testata
1024 3784 1158 3863 omnia
1194 3803 1317 3893 atque

163 3893 391 3974 confirmata
410 3921 543 3973 coram
563 3893 696 3974 client.

249 4034 313 4112 Ex
332 4032 440 4110 Aula
458 4033 579 4140 nostra
597 4033 653 4111 W
648 4030 916 4140 estmonasterio.

305 4143 474 4252 Augusti
489 4148 569 4223 An.
584 4144 697 4224 Dum.
726 4143 843 4249 1657.
