2956 4980
87 242 205 376 Cap.
227 286 269 367 9.
415 242 622 342 Plenior·
629 241 877 342 Institutio.
1133 285 1210 368 137

48 448 156 613 ενᾶο,
175 420 315 503 domino
326 419 490 531 suriest.
550 422 597 500 ln
624 420 685 502 his
710 422 923 533 propositio
948 420 1101 529 semper
1121 418 1213 500 falsa

109 644 275 725 Tertius
301 643 401 726 est
384 644 565 753 agnoratio
588 646 756 738 elenchi,·
789 645 973 752 (elenchus
998 662 1131 724 autem
1158 643 1214 724 est

53 756 283 865 redargutio
309 757 494 866 quaelibet
525 758 600 837 sive
626 786 717 837 vera
748 758 824 838 five
851 755 959 863 falsa)
985 785 1079 836 cum
1106 756 1213 865 leges

52 898 78 949 o
80 869 315 979 ppofitionis
341 898 420 949 non
447 869 696 950 observantur
723 870 853 950 eidem
874 896 1054 963 numero,
1076 868 1215 949 secun-

53 983 156 1061 dum
186 980 310 1076 idem,
340 981 535 1076 adidem,
562 1001 601 1063 et
629 983 770 1062 eodem
799 1002 1002 1090 tempore·
1034 998 1092 1075 ut,
1124 978 1219 1060 cneci

54 1092 213 1186 uident,
272 1121 311 1174 ue
336 1112 468 1176 carent
493 1090 591 1200 asse,
610 1093 708 1203 stent
732 1095 850 1186 caeci3
880 1122 981 1201 ergo,
1002 1093 1069 1202 qui
1084 1109 1217 1173 carent

54 1203 156 1313 ufir,
187 1121 331 1286 vidnt.
392 1205 610 1316 Proposrtio
640 1205 940 1332 distinguenda·
942 1205 1024 1299 est;
1056 1232 1215 1313 nempe,

85 1317 131 1397 ui
157 1312 322 1398 fuerunt
345 1319 453 1413 caeci,
475 1320 747 1399 nuncvident.
809 1317 892 1409 Sic,·
923 1315 955 1396 is
980 1317 1136 1424 quinon
1155 1315 1218 1396 vi-

98 1429 352 1540 t,caeensest,·
373 1429 551 1511 dormiens
569 1460 637 1511 non
656 1430 779 1522 videt,·
800 1430 957 1557 estergo
972 1458 1104 1509 cneus.
1153 1427 1220 1507 Ad

56 1543 169 1622 idem
185 1568 266 1621 non
282 1542 363 1622 est.
389 1542 603 1653 propositio
618 1543 727 1622 enim
743 1544 791 1623 de
807 1540 996 1652 potentia,
1010 1539 1220 1669 assumptio

57 1654 108 1735 de
128 1656 222 1733 astu
241 1653 401 1735 videndi
421 1654 621 1763 loquitur;
652 1656 715 1735 vel
735 1673 904 1764 quatuor
930 1651 1016 1732 sunt
1042 1652 1219 1746 termini,

57 1786 99 1847 et
118 1792 240 1875 prava
259 1767 451 1903 expositio
470 1766 549 1845 dici
570 1767 708 1875 potest.
767 1765 905 1846 Aliis
894 1767 1088 1873 ignoratio
1113 1765 1221 1845 elen-

57 1876 129 1959 chi
155 1877 226 1972 est,
252 1874 348 1959 cirrn
367 1879 431 1959 vel
460 1877 575 1988 plane
602 1898 778 1959 mutatur
804 1897 843 1957 et
871 1897 1075 1986 torquetur
1102 1877 1220 1957 status

57 1966 343 2086 controversiae,
358 1991 422 2071 vel
441 1990 638 2071 conclusio
659 1989 863 2071 adversarii
884 2018 961 2069 non
981 1988 1127 2069 diredte
1147 2017 1222 2098 op-

58 2102 225 2231 ponitur
244 2103 381 2183 nostra
400 2101 496 2183 thefi
517 2102 731 2183 secundum
751 2129 918 2182 canones
937 2100 1125 2209 legitimae
1144 2130 1220 2211 op·

59 2212 280 2327 positionis.

123 2330 313 2464 Qartus
326 2324 383 2404 est
410 2322 562 2406 fallacia
586 2327 842 2438 consequentis,
875 2326 948 2406 five
974 2343 1222 2435 comparato·

61 2464 171 2533 rum,
190 2466 278 2548 quae
296 2435 318 2518 ὲ
337 2440 541 2518 contrariis
561 2441 725 2548 quidem
749 2438 836 2519 sunt
863 2459 961 2533 orta,
982 2437 1045 2518 sed
1066 2439 1224 2548 parium

61 2548 275 2631 collatione
290 2546 515 2644 tradata,
476 2578 571 2630 cum
586 2551 818 2661 disputatur,
832 2554 1026 2632 contraria
1041 2550 1114 2630 effe
1127 2578 1224 2631 con-

63 2662 279 2743 trariorum
290 2660 585 2770 consequentia:
608 2691 729 2772 quam
745 2664 923 2770 regulam
938 2663 1012 2743 esse
1025 2660 1223 2760 fallacem,

60 2774 90 2853 l.
111 2801 148 2853 1.
166 2802 204 2854 c.
227 2773 290 2855 18.
311 2773 469 2964 copiose
489 2773 731 2855 ostenditur:
754 2797 812 2870 ut,
825 2804 908 2883 quae
924 2776 1033 2857 erdem
1047 2776 1224 2966 aequalia,

62 2884 219 2993 interse
230 2885 361 3013 aquas
356 2885 423 2977 ia;
453 2915 553 2992 ergo,
567 2917 651 2998 quce
669 2886 917 2993 eidemstent
900 2917 1045 2998 rnaequo
1047 2887 1113 2981 lia,
1126 2889 1227 2968 inter

48 2997 99 3107 se
103 2995 206 3105 sunt
220 2996 436 3108 unaqualro
496 3001 634 3094 Ut,2.
652 3018 748 3079 etz.
771 2998 858 3078 sunt
878 3000 1083 3108 inaequales
1104 3001 1223 3106 ad53

63 3136 163 3218 ergo
190 3109 315 3190 sunt
303 3128 407 3190 inter
432 3108 469 3189 se
498 3110 718 3220 inaequales.
779 3113 875 3192 Duo
901 3112 1020 3191 latera
1046 3110 1226 3220 quadrati

63 3220 281 3331 symmetra
299 3249 379 3301 non
400 3220 487 3303 sunt
501 3223 695 3331 diagono;
717 3251 811 3330 ergo
831 3253 909 3304 non
930 3223 1046 3304 sunt
1036 3242 1137 3303 mter
1153 3222 1204 3304 se.

186 3606 310 3687 CAP.
337 3608 392 3687 X.
425 3608 489 3687 De
510 3606 716 3716 Syllogiseno
726 3607 895 3715 stnplici
910 3613 1111 3689 contrella.

147 3876 150 3892 ἱ
187 3783 318 3869 <Y
311 3781 493 3889 llogsmus
511 3780 684 3889 eststenpl
680 3810 725 3859 ex
743 3800 812 3861 aut
831 3784 1052 3891 compostus

92 3925 108 3950 ⁴
122 3949 139 3981 ρ
172 3926 227 3984 ⁴2,
360 3894 539 4002 Simplex,
568 3892 635 3973 ubi
657 3910 756 4002 pars
786 3893 997 4003 consequens
1026 3895 1232 4005 quaestionis

123 3982 178 4118 ζ),
199 3996 262 4150 ⁴,
301 4004 542 4113 dsponitur
525 4034 563 4083 rn
576 4005 829 4114 propositione,
844 4024 940 4115 porr
959 4006 1210 4087 antecedens
1192 4038 1231 4088 tn

185 4099 249 4150 ⁴
242 4119 258 4136 ”
300 4117 547 4228 offlemptione.

127 4198 190 4313 Ut
206 4229 419 4341 syllogismi
441 4226 568 4309 forma
588 4231 780 4360 generalis
800 4248 882 4309 erat
897 4228 1094 4339 dispositio
1107 4229 1230 4339 quaes-

71 4347 191 4427 tionis
209 4370 305 4425 cunr
324 4362 575 4451 argumento,
593 4344 645 4422 ita
660 4343 834 4453 specialis
848 4370 1011 4450 quaeque
1031 4341 1229 4451 dispofitio

71 4456 293 4569 quaestionis
324 4484 417 4537 cum
450 4475 682 4563 argumento
713 4484 761 4535 cu
758 4453 951 4563 jsusque
945 4453 1069 4563 peciei
1100 4452 1229 4536 sorma
