2956 4980
158 229 238 338 258
378 217 542 311 Literae
567 212 761 313 Oliverii
785 212 1079 309 Protectoris.

160 390 220 471 illi
247 390 383 500 inopes
408 393 572 472 recreari
603 420 648 471 ac
675 389 783 470 refici
809 391 851 469 in
878 388 1039 499 praesens
1065 387 1318 495 aliquantum

161 502 317 611 poffint‚
338 504 463 583 donec
480 504 701 583 uberiorem
721 504 769 582 iis
788 503 946 610 copiam
968 500 1217 610 suppeditare
1242 527 1318 607 po-

160 615 348 694 terimus:
376 643 445 695 vos
464 613 565 695 hanc
585 615 695 694 vobis
716 615 850 694 datam
870 612 1091 692 molestiam
1115 612 1220 720 aequi
1243 611 1319 690 bo-

162 725 282 832 nique
295 726 536 806 consulturos
549 727 728 806 effecum
741 752 819 805 non
834 725 1076 817 dubitemus,
1089 742 1178 804 tum
1192 724 1319 803 etiam

163 837 302 917 Deum
317 840 417 948 Opt.
433 839 549 917 Max.
562 867 719 918 oramus
731 839 791 916 uti
808 837 957 947 populo
973 834 1041 915 suo
1058 834 1320 943 Religionem

162 947 425 1029 orthodoxam
446 949 645 1057 profitenti
666 952 733 1030 det
750 951 931 1028 animum
950 946 1009 1027 sui
1034 949 1076 1025 in
1099 974 1318 1027 commune

162 1058 413 1155 defendendi,
428 1062 575 1170 sibique
587 1061 728 1142 mutub
740 1088 859 1171 opem
874 1058 1026 1139 serendi
1039 1079 1173 1138 contra
1185 1058 1319 1138 hostes

163 1170 249 1252 suos
271 1174 592 1269 immanissimos;
626 1203 703 1283 qua
723 1175 764 1252 in
784 1201 825 1252 re
836 1171 1015 1253 nostram
1033 1199 1194 1282 quoque
1219 1199 1318 1278 ope-

164 1309 247 1363 ram
268 1287 449 1365 Ecclesrae
460 1305 660 1396 utcunque
680 1285 766 1366 usui
778 1283 863 1364 fore
876 1284 1108 1364 laetaremur.
1172 1284 1316 1362 Valere.

247 1396 369 1503 Junii
386 1399 424 1478 8.
451 1400 571 1505 1655.

332 1510 452 1590 Mille
472 1512 696 1617 quingenta
715 1509 844 1588 Librae
863 1508 912 1587 de
932 1505 1123 1616 praedistis
1139 1505 1201 1584 bis
1222 1504 1317 1583 mil-

391 1623 492 1701 libus
516 1620 538 1701 ὲ
561 1620 729 1702 Gerardo
750 1621 876 1725 Hensh
898 1618 1064 1711 Parisiis,
1091 1617 1319 1724 quingentae

391 1734 550 1841 reliquae
563 1763 634 1843 per
654 1733 784 1813 literas
803 1729 1018 1812 dDomino
1032 1730 1183 1838 Stoupio
1203 1756 1318 1810 cura·

388 1845 548 1924 buntur.

165 2228 367 2310 Oliverius
388 2232 712 2340 ProteHorReip.
735 2217 892 2338 Angliae
912 2228 1131 2334 Serenfflmo
1145 2227 1323 2337 Princrpi

542 2344 801 2423 Venetiarum
817 2343 938 2424 Duci.

248 2512 492 2591 Sereniffime
514 2513 725 2621 Princeps;
1099 2580 1102 2586 .

259 2636 344 2712 Um
369 2635 483 2714 rebus
510 2636 643 2715 vestris
667 2635 850 2714 omnibus
877 2652 1011 2713 contra
1035 2631 1189 2712 hostem
1220 2660 1319 2741 prae·

286 2745 419 2825 sertim
433 2744 646 2826 Christiani
663 2748 833 2826 nominis
854 2745 1034 2855 prospere
1058 2744 1176 2851 gestis
1197 2743 1318 2822 laetari

163 2858 317 2967 semper
341 2859 628 2953 consuevimus,
654 2878 804 2939 tumet
836 2858 904 2936 illo
929 2858 1073 2937 navalis
1097 2856 1222 2967 praelii
1246 2869 1319 2934 no-'

65 3064 67 3068 v
167 2972 320 3050 vislimo
339 2970 505 3051 successu
531 2999 782 3081 nequaquam
804 2968 891 3049 sanc
916 2963 1110 3062 dolemus,
1138 2968 1321 3075 quamvis

167 3083 207 3161 id
227 3083 358 3190 aliquo
379 3084 597 3163 nostrorum
615 3112 708 3163 cum
722 3083 961 3162 detrimento
976 3078 1153 3160 accidisse
1169 3079 1320 3157 intelli·

166 3221 318 3301 gamus.
380 3196 648 3275 Ostenderunt
671 3196 779 3274 enim
803 3194 914 3274 nobis
936 3221 1005 3302 per
1025 3191 1208 3271 libellum
1230 3191 1320 3299 sup-

166 3307 769 3414 plicemNegotiatoresquidam
784 3306 904 3385 nostri
916 3305 1119 3384 Gulielmus
1131 3303 1326 3381 etDaniel

171 3417 346 3497 Gulielmi
366 3445 438 3496 nec
464 3447 541 3499 non
564 3419 760 3499 Edourdus
779 3418 918 3499 Bealus
937 3444 1076 3496 navem
1100 3414 1224 3507 suam,
1252 3415 1319 3493 cui

165 3555 311 3607 nomen
328 3528 510 3637 Princeps
529 3559 697 3636 magnus,
713 3529 1053 3639 Constantinopolim
1074 3527 1122 3607 ab
1147 3525 1184 3605 se
1203 3554 1319 3606 com-

23 3715 34 3729 ,
167 3640 305 3718 mercii
331 3641 445 3718 causti
472 3641 625 3741 missam
656 3671 781 3752 nuper
817 3640 952 3735 suisse3
984 3668 1073 3719 eam
1098 3665 1242 3718 navem
1269 3637 1319 3716 ab

167 3752 263 3830 aulae
284 3747 458 3831 ‘Turcicae
476 3754 664 3833 ministris
684 3755 732 3833 ad
751 3771 1023 3833 commeatum
1043 3769 1084 3831 et
1107 3749 1255 3830 milites
1277 3751 1320 3828 in

168 3864 330 3942 Cretam
352 3863 518 3943 insulam
544 3865 803 3974 deportandos
827 3883 1033 3956 retentam,
1056 3863 1154 3942 dum
1179 3862 1221 3939 in
1251 3861 1320 3940 illa

164 3972 275 4052 classe
298 3971 512 4057 ‘Turcarum
531 3982 664 4057 coasta
682 4006 730 4057 eo
750 3977 949 4083 navigaret
967 4004 1054 4084 quae
1073 3971 1222 4053 belaise
1244 3975 1318 4052 Ve-

165 4102 330 4164 netorum
349 4109 576 4197 oppugnata
596 4090 637 4167 in
657 4090 795 4168 itinere
815 4107 856 4167 et
874 4087 1051 4196 superata
1070 4084 1141 4179 est,
1159 4102 1319 4193 captam

165 4216 205 4275 et
222 4198 393 4277 Venetias
412 4201 635 4295 abductam,
657 4201 704 4280 ab
725 4202 1013 4280 maritimarum
1033 4197 1236 4278 causarum
1249 4197 1320 4302 ju-

164 4310 316 4389 dicibus
336 4311 595 4416 adjudicatam
615 4312 775 4423 publico
792 4311 919 4391 fuisse.
970 4313 1079 4391 Cum
1098 4309 1231 4417 itaque
1253 4309 1318 4388 in·

167 4420 373 4503 scientibus
393 4424 563 4505 dominis
588 4444 627 4504 et
652 4425 762 4504 nullo
786 4424 907 4504 modo
930 4421 1185 4532 probantibus
1208 4422 1319 4502 navis
