2956 4980
167 212 246 321 378
475 190 690 328 Epistolae
717 191 1000 291 Familiares.

163 370 238 449 five
267 369 417 463 naturai,
450 369 526 448 srve
551 395 644 448 meo
673 367 755 448 fato
778 369 834 448 ita
858 368 946 448 sum
973 384 1241 474 comparatus,
1275 382 1315 442 ut

163 482 272 561 nulla
292 482 559 574 contentione,
580 500 621 560 et
639 479 838 561 laboribus
855 482 957 561 meis
976 481 1025 560 ad
1044 479 1122 559 tale
1143 479 1262 558 decus
1280 495 1316 554 et

163 592 383 723 fastigium
389 593 515 672 laudis
539 591 620 700 ipse
646 593 799 673 valeam
821 620 1047 701 emergere;
1080 610 1217 671 tamen
1239 617 1315 696 quo

164 708 297 786 minus
315 706 386 813 qui
406 732 494 785 eam
514 704 683 811 gloriam
702 704 860 785 assecuti
879 705 981 799 sunt,
998 721 1067 784 aut
1085 732 1135 783 eo
1151 701 1316 782 feliciter

166 818 347 927 aspirant,
373 818 462 897 illos
485 818 639 926 semper
664 818 809 912 colam,
835 837 877 897 et
901 817 1122 926 suspiciam,
1151 842 1228 894 nec
1248 814 1316 893 Dii

165 950 278 1039 puto,
298 957 372 1009 nec
386 927 569 1009 homines
584 928 873 1038 prohibuerint
925 927 1156 1009 Caeterum
1138 954 1228 1034 Jam
1247 954 1315 1006 cu-

165 1042 327 1122 riofitati
347 1060 421 1120 tuae
439 1043 495 1121 vis
516 1040 589 1121 effe
607 1040 843 1123 satisfactum
861 1041 955 1122 scio.
1014 1040 1153 1120 Multa
1171 1038 1316 1119 solicite

166 1154 318 1261 quaeris,
339 1154 459 1233 etiam
479 1155 576 1262 quid
596 1156 784 1261 cogitem.
833 1155 959 1247 Audi,
977 1152 1165 1245 Theodote,
1177 1179 1315 1231 verum

164 1267 362 1345 inaurem
382 1284 498 1345 utne
521 1264 700 1360 rubeam,
724 1286 765 1346 et
790 1265 903 1345 finito
925 1264 1122 1374 paulisper
1147 1264 1257 1374 apud
1279 1281 1315 1342 te

25 1462 29 1469 ,
163 1379 326 1485 grandia
345 1379 507 1485 loquar;
532 1379 628 1488 quid
647 1379 822 1485 cogitem
840 1379 1003 1486 quaeris3
1032 1377 1088 1457 ita
1106 1405 1176 1455 me
1193 1377 1315 1455 bonus

164 1493 288 1584 Deus,
303 1490 655 1570 immortalitatem.
716 1490 828 1598 Qid
849 1517 965 1598 agam
983 1491 1103 1569 vero?
1123 1488 1315 1594 mrpopuei,

45 1632 51 1643 ·
164 1622 204 1683 et
218 1603 347 1682 volare
363 1603 556 1682 meditor:
578 1602 643 1682 sed
664 1604 817 1683 tenellis
835 1602 1052 1682 admodum
1071 1600 1205 1681 adhuc
1219 1627 1315 1709 pen·

163 1717 224 1794 nis
243 1713 376 1795 evehit
394 1714 431 1793 se
450 1714 579 1794 noster
595 1713 776 1821 Pegasus,
794 1710 947 1794 humile
966 1713 1177 1822 sapiamus.
1238 1713 1315 1793 Di·

164 1854 253 1906 cam
278 1827 363 1930 jam
397 1854 502 1906 nunc
540 1826 637 1906 serio
675 1828 772 1934 quid
802 1827 992 1933 cogitem,
1024 1827 1065 1903 in
1096 1824 1315 1933 hospitium

65 1951 69 1957 '
162 1938 435 2042 Juridicorum
468 1937 627 2046 aliquod
660 1941 903 2046 immigrare,
938 1936 1060 2018 ficubi
1090 1965 1249 2017 amoena
1275 1954 1314 2015 et

163 2049 345 2129 umbrosa
360 2049 576 2129 ambulatio
591 2050 660 2144 est,
677 2053 784 2159 quod
800 2072 840 2133 et
859 2052 961 2130 inter
976 2051 1128 2158 aliquot
1146 2049 1312 2140 sodales,

163 2162 412 2241 commodior
430 2162 514 2242 illic
535 2160 740 2258 habitatio,
768 2165 795 2244 fi
822 2165 934 2244 domi
959 2191 1133 2257 manere,
1152 2180 1196 2241 et
1212 2162 1315 2270 ὅρμη·

163 2271 267 2380 elprae
288 2273 368 2381 ἐυπρ
371 2268 514 2379 επὲστερ
516 2312 548 2355 ον
567 2303 807 2385 quocunque
820 2277 981 2357 libitum
993 2294 1067 2356 errt
1078 2301 1312 2367 excurrere

163 2388 232 2466 ubi
252 2415 357 2467 nunc
352 2314 478 2481 psum,
500 2407 543 2466 ut
559 2388 674 2484 nosti,
694 2390 869 2484 obscure,
890 2408 930 2468 et
948 2388 1110 2495 anguste
1130 2386 1244 2481 sum;
1265 2385 1314 2464 de

162 2500 295 2579 studiis
314 2501 435 2579 etiam
456 2500 593 2580 nostris
612 2501 680 2582 sies
699 2503 854 2582 certior.
899 2502 1116 2580 Graecorum
1136 2526 1197 2578 res
1216 2526 1314 2576 con-

161 2613 310 2690 tinuati
329 2612 495 2691 lestione
515 2613 753 2693 deduximus
772 2614 975 2721 usquequo
1000 2612 1059 2691 illi
1081 2610 1217 2690 Graeci
1237 2608 1313 2687 effe

161 2723 247 2802 sunt
267 2723 400 2803 defiti:
433 2725 617 2803 Italorum
637 2726 678 2802 in
693 2724 854 2805 obscura
874 2755 914 2805 re
934 2724 1001 2803 diu
1022 2724 1159 2804 versati
1178 2722 1313 2802 sumus

74 2895 77 2899 -
161 2836 229 2915 sub
243 2834 512 2943 Langobardis,
526 2855 565 2915 et
573 2837 734 2916 Francis
748 2856 788 2916 et
805 2837 1014 2929 Germanis,
1031 2837 1078 2916 ad
1094 2836 1195 2915 illud
1211 2855 1316 2914 tem-

160 2977 232 3057 pus
262 2977 342 3056 quo
371 2948 449 3028 illis
478 2948 527 3027 ab
560 2948 741 3057 Rodolplro
764 2949 976 3030 Germanice
997 2951 1109 3056 Rege
1138 2946 1316 3027 concella

161 3061 317 3140 libertas
338 3060 416 3153 est;
448 3061 590 3139 exinde
615 3064 711 3168 quid
732 3091 896 3171 quaeque
918 3062 1068 3141 Civitas
1088 3059 1157 3139 suo
1177 3060 1313 3138 Marte

160 3174 328 3278 gesserit,
348 3172 553 3280 separatim
570 3173 700 3279 legere
720 3174 927 3281 praestabit.
986 3175 1054 3252 Tu
1073 3200 1166 3252 vero
1186 3172 1314 3280 quid?

160 3285 361 3391 quousque
386 3283 498 3362 rebus
524 3284 746 3364 domesticis
767 3285 870 3365 filius
895 3285 1063 3365 familias
1081 3284 1313 3363 imminebis

160 3396 397 3474 urbanarum
427 3394 674 3476 sodalitatum
702 3397 875 3477 oblitus?
905 3398 1027 3506 quod,
1057 3397 1127 3475 nisr
1157 3396 1312 3475 bellum

159 3504 236 3585 hoc
256 3507 473 3600 novercale,
490 3510 553 3587 vel
573 3509 733 3603 Dacico,
753 3513 816 3591 vel
832 3510 1040 3591 Sarmatico
1057 3507 1235 3589 infestius
1251 3509 1311 3603 srt,

159 3619 319 3697 debebis
340 3617 518 3726 profesto
536 3640 747 3714 maturare,
772 3643 817 3702 ut
840 3625 886 3702 ad
911 3651 980 3703 nos
1006 3621 1181 3701 saltem
1170 3650 1211 3699 ιιι
1237 3618 1313 3727 hy-

158 3733 277 3810 berna
307 3731 510 3811 concedas.
571 3734 751 3828 Interim,
784 3736 890 3844 quod
923 3735 1000 3812 fine
1032 3753 1098 3813 tua
1131 3733 1313 3812 molestia

158 3844 240 3938 fiat,
270 3843 528 3953 Justinianum
556 3844 659 3924 mihi
688 3847 907 3927 Venetorum
936 3845 1184 3923 Historicum
1216 3872 1314 3949 rogo

124 4059 127 4064 „
159 3960 316 4050 mittas;
345 3985 421 4064 ego
442 3957 529 4036 med
549 3957 625 4038 fide
653 3978 721 4038 aut
746 3961 786 4038 in
810 3960 1022 4038 adventum
1048 3976 1163 4036 tuum
1188 3958 1313 4064 probe

157 4070 386 4150 asservatum
419 4069 587 4164 curabo;
619 4091 700 4164 aut,
729 4071 754 4149 sr
790 4071 929 4162 mavis,
960 4069 1065 4148 haud
1092 4071 1146 4148 ita
1182 4071 1312 4150 multo

117 4178 123 4197 ’“
159 4182 244 4291 post
263 4182 311 4261 ad
334 4198 370 4259 te
391 4179 605 4261 remilium.
665 4183 777 4260 Vale.

213 4292 392 4384 Londino,
415 4293 615 4401 Septemb.
640 4318 707 4398 23.
736 4296 855 4399 1637.
