2956 4980
289 74 452 215 [iterae
477 115 671 215 Oliverii
696 123 988 221 Protedioris.
1135 162 1209 243 301

56 282 204 378 luiffet,
225 304 337 365 extra
358 286 551 366 damnum
576 287 685 366 mille
714 287 904 368 librarum
931 304 1114 396 praeterea
1146 288 1215 367 da-

60 413 175 475 tum:
207 398 257 477 de
269 399 413 506 quibus
430 399 702 508 recuperandis
714 401 825 479 omni
841 399 877 479 se
893 397 1052 479 honesta
1066 400 1215 480 ratione

60 534 161 587 cum
194 510 301 590 illius
336 510 413 590 loci
447 508 637 619 praefectis
672 511 813 618 egiffe3
850 511 890 591 id
926 512 995 591 fibi
1028 510 1216 593 haetenus

60 618 204 702 frustra
218 621 331 703 fuiffe
347 653 357 702 :
388 623 425 703 se
441 623 560 702 etiam
581 624 757 703 moribus
772 624 946 703 edictum
960 623 1078 703 curiae
1093 626 1214 703 mari-

59 736 169 813 timae
188 733 414 815 consecutos
435 733 524 828 effe,
544 764 625 845 quo
642 737 853 815 citarentur
873 738 912 814 in
926 736 1123 841 judicium
1144 737 1214 844 qui

62 871 205 926 navem
222 847 333 926 illam
348 846 548 957 cepissent,
566 870 698 927 autem
712 848 802 954 jure
816 847 890 927 effe
906 866 1062 955 captam
1077 847 1214 928 defen-

60 958 154 1038 dere
175 959 402 1040 statuiffent.
456 959 645 1039 Edictum
664 957 740 1039 hoc
760 979 799 1040 et
819 963 922 1039 reete
942 979 1059 1068 atque
1079 960 1214 1040 ordine

61 1070 364 1179 promulgatum
384 1091 423 1152 et
443 1071 668 1151 redditum:
700 1070 819 1180 idque
838 1070 887 1151 ab
908 1071 1079 1177 ejusdem
1099 1074 1216 1152 curiae

60 1182 249 1263 ministris
261 1184 430 1293 publicis
448 1182 600 1264 mature
616 1183 772 1264 Domino
785 1187 930 1291 Legata
946 1184 1083 1264 Gallice
1097 1185 1216 1293 figni-

60 1292 225 1375 ficatum
246 1295 345 1376 effe:
376 1323 470 1376 cum
490 1324 608 1375 nemo
632 1314 766 1376 contra
790 1294 1079 1405 comparuisset,
1102 1297 1215 1377 testes

61 1405 216 1515 aliquot
226 1407 374 1514 juratos
390 1410 439 1489 de
453 1408 710 1515 rejudicanda
723 1409 978 1515 interrogatos
992 1407 1079 1487 effe.
1116 1411 1216 1518 Qae

62 1545 121 1598 res
141 1548 237 1598 cum
258 1517 279 1598 ὲ
298 1519 535 1601 Petitoribus
554 1522 604 1600 ad
624 1519 907 1601 Celfitudinem
927 1520 1097 1600 Domini
1113 1523 1214 1601 Pro-

60 1632 214 1711 tenoris
229 1632 355 1712 delata
372 1633 431 1727 fit,
447 1631 495 1711 ab
512 1661 638 1741 eoque
654 1633 872 1740 cognitioni
887 1651 1004 1740 atque
1020 1632 1215 1713 sententia

10 1839 15 1845 ,
65 1742 241 1823 Concilii
273 1745 469 1838 mandata,
494 1773 667 1854 cumque
692 1745 740 1823 de
767 1742 870 1824 facto
902 1773 952 1823 ex
984 1744 1215 1825 testimoniis

55 1854 198 1961 juratis
219 1855 354 1937 libello
378 1857 545 1966 supplici
568 1857 757 1963 adjunctis
782 1856 936 1936 abunde
955 1857 1117 1950 constet,
1140 1856 1215 1935 Pe·

62 1967 322 2077 titoribusque
343 1969 512 2049 liberum
529 1970 816 2049 commercium
838 1967 1066 2075 Burdegalae
1085 1969 1129 2047 fit
1145 1969 1215 2047 dass

61 2096 168 2174 tum,
190 2080 416 2190 mercesque
436 2082 518 2161 illic
538 2101 679 2191 emptae
698 2101 813 2190 atque
829 2081 1016 2190 impofitae
1032 2082 1071 2158 vi
1087 2081 1158 2160 fint
1175 2082 1215 2159 in

64 2194 195 2272 reditu
220 2213 361 2302 ereptae
384 2213 424 2273 et
449 2215 647 2304 occupatae
670 2213 804 2273 contra
830 2191 987 2272 foederis
1010 2190 1145 2285 fidem,
1172 2212 1217 2272 ut

62 2302 180 2413 supra
210 2303 522 2386 demonstratum
554 2306 624 2400 est,
656 2306 744 2414 quis
778 2333 856 2384 non
891 2303 997 2383 videt
1031 2302 1108 2384 hoc
1141 2302 1215 2383 effe

60 2416 341 2525 agquiffimum,
360 2437 430 2529 aut
455 2445 595 2498 navem
619 2446 713 2496 cum
737 2445 853 2497 onere
876 2415 1112 2496 Petitoribus
1138 2415 1216 2495 res-

64 2529 174 2624 titui,
193 2549 261 2609 aut
280 2529 329 2609 de
349 2530 494 2611 damno
514 2526 608 2610 cirm
636 2548 757 2639 captae
779 2530 887 2608 navis
907 2549 994 2609 tum
1008 2526 1106 2634 juris
1126 2556 1216 2638 per·

63 2639 253 2750 sequendi
272 2642 388 2751 plene
408 2641 610 2722 satisfieri?
656 2643 754 2722 Peto
775 2642 897 2748 igitur
915 2641 963 2721 ab
984 2639 1217 2720 Excellentia

63 2753 192 2863 vestra
224 2773 342 2862 atque
373 2754 494 2835 etiam
525 2754 762 2833 Sereniffimi
790 2753 960 2832 Domini
989 2752 1218 2833 Protebloris

64 2867 229 2946 nomine
260 2887 352 2974 peto
384 2894 547 2946 omnem
578 2866 674 2946 velit
701 2893 861 2975 operam
888 2865 994 2957 dare,
1025 2863 1215 2972 omnique

65 3006 194 3087 operae
218 2975 497 3059 authoritatem
522 2979 643 3058 etiam
663 2977 720 3057 sui
745 2978 918 3056 muneris
937 2975 1147 3082 adjungere
1173 2993 1217 3057 ut

63 3093 198 3201 primo
210 3118 370 3199 quoque
385 3110 562 3200 tempore
579 3089 722 3169 horum
738 3090 971 3168 alterutrum
985 3086 1066 3167 fiat.
1108 3087 1216 3166 Cum

65 3229 196 3312 neque
220 3204 261 3284 in
287 3202 398 3283 causa
421 3203 589 3310 aequiore
616 3200 788 3282 laborare
815 3201 942 3308 poffit,
964 3227 1090 3309 neque
1114 3196 1217 3279 mihi

64 3316 236 3425 gratiore
252 3346 262 3410 ;
294 3316 363 3423 qui
383 3343 431 3395 eo
450 3315 677 3423 diligentius
695 3311 840 3393 curaffe
859 3312 965 3421 quod
986 3310 1216 3392 mandatum

65 3427 168 3509 mihi
196 3426 254 3508 est
275 3427 452 3521 videbor,
481 3455 562 3534 quo
596 3424 842 3506 Excellentia
872 3424 996 3505 vestra
1026 3420 1217 3505 maturius

66 3541 177 3649 quod
195 3537 311 3621 suum
330 3539 385 3619 est
405 3538 635 3648 praestiterit.

153 3666 218 3745 Ex
236 3663 342 3746 Alba
360 3664 483 3758 Aula,
503 3660 673 3772 Augusti
687 3662 768 3741 An.
791 3662 904 3742 Dum.
933 3660 1053 3768 1657.
