2956 4980
256 239 335 320 268
481 222 644 317 Literae
670 217 863 323 Oliverii
889 204 1181 318 Protestoris.

261 398 381 502 1649,
410 393 593 475 Calendas
615 393 771 473 circiter
799 391 929 473 Oelob.
959 419 1099 474 navem
1124 392 1330 501 quandam
1350 393 1416 471 cui

253 535 399 589 nomen
425 506 541 613 Jonae
563 504 794 608 Londinerfi,
824 504 931 612 Jona
954 533 1113 613 quoque
1139 523 1411 612 cognomento

255 621 496 728 Lighthaghe
519 617 731 724 Magistro,
758 616 833 696 suis
862 616 1074 710 mercibus,
1098 645 1186 725 quae
1214 615 1410 724 Ostendam

254 734 517 823 mitterentur,
530 728 723 809 oneraffe:
751 755 838 807 eam
851 725 1027 808 navemd
1039 729 1219 838 praedone
1231 726 1408 836 quodam

254 842 514 948 Barkingerys,
539 843 604 920 cui
628 868 774 920 nomen
802 838 927 920 While
953 839 1003 947 (is
1028 840 1102 919 filii
1126 841 1253 947 Regis
1282 838 1412 919 Caroli

252 954 429 1036 defunsti
448 954 608 1032 nomine
628 953 833 1061 piraticam
852 949 1034 1059 faciebat)
1056 953 1099 1030 in
1118 952 1202 1061 ipso
1223 948 1408 1056 Thameſss

252 1067 350 1147 ostio
371 1063 603 1174 oppressam,
618 1082 735 1172 atque
755 1064 846 1143 inde
862 1063 1119 1163 Dunkirlam,
1136 1091 1223 1172 quae
1235 1090 1290 1144 eo
1306 1083 1407 1143 tem-

252 1206 347 1286 pore
367 1178 409 1255 in
425 1177 574 1255 ditione
594 1175 785 1256 Gallorum
804 1194 902 1269 erat,
914 1173 1025 1255 suiffe
1043 1175 1282 1271 abduCtam3
1311 1203 1406 1256 cum

96 1347 100 1353 -
253 1309 387 1369 autem
417 1287 546 1367 edisto
578 1287 792 1393 Majestatis
823 1286 954 1366 vestrae
979 1314 1070 1367 ann.
1102 1288 1223 1394 1647.
1249 1305 1292 1368 et
1314 1313 1403 1367 ann.

253 1400 380 1482 rursus
401 1402 522 1504 1649.
543 1400 693 1507 aliquot
716 1400 836 1478 etiarn
853 1398 1004 1478 consilii
1025 1399 1145 1507 Regii
1162 1399 1347 1492 decretis,
1366 1398 1406 1476 in

88 1590 89 1594 ,
251 1515 419 1621 gratiam
440 1510 679 1608 Parlamenti
694 1509 915 1618 Anglicani,
930 1528 1092 1590 cautum
1111 1509 1185 1591 effe
1205 1510 1406 1618 intellige-

252 1643 353 1718 rent,
374 1651 422 1703 ne
447 1649 561 1702 naves
585 1622 672 1702 ullae
696 1642 763 1702 aut
788 1649 951 1715 merces,
971 1622 1076 1702 illius
1094 1621 1191 1702 belli
1209 1641 1405 1733 tempore,

252 1764 414 1845 quoquo
436 1733 599 1813 obtentu
621 1733 761 1841 Anglis
786 1753 941 1842 ereptae,
965 1734 1009 1812 in
1033 1733 1253 1840 Majcstatis
1275 1734 1406 1815 vestrae

253 1868 388 1957 portus
416 1845 669 1954 quoscunque
703 1844 1002 1956 asportarentur,
1035 1846 1236 1927 venalesve
1271 1846 1405 1939 effent,

252 1958 390 2038 misisse
410 1957 446 2036 se
467 1957 596 2036 statim
610 1956 852 2038 Dunkirkam
870 1978 1167 2065 procuratorem
1186 1958 1304 2039 suum
1318 1961 1407 2039 Hu-

139 2163 142 2168 .
246 2099 375 2176 genem
387 2070 588 2149 Morellum
607 2071 904 2176 negotiatorem,
917 2067 1406 2178 quidDominoqurado

251 2181 357 2261 illius
377 2180 516 2291 oppidi
535 2180 665 2289 perid
686 2199 843 2290 tempus
861 2181 1059 2289 praefesto,
1076 2182 1187 2263 reddi
1206 2181 1279 2262 fibi
1297 2182 1405 2262 suam

251 2322 393 2374 navem
412 2321 506 2373 cum
523 2291 723 2373 mercibus
751 2292 977 2401 postularet,
997 2321 1091 2374 cum
1110 2323 1173 2375 eas
1192 2294 1405 2403 praesertim

251 2406 396 2513 magnai
417 2431 468 2484 ex
492 2423 601 2513 parte
625 2403 754 2484 adhuc
772 2406 955 2510 integras,
977 2432 1104 2514 neque
1124 2406 1222 2486 dum
1242 2434 1406 2515 permu-

251 2535 347 2597 tatas
371 2534 438 2595 aut
462 2515 694 2610 divenditas,
719 2517 760 2595 in
786 2514 870 2624 ipso
892 2517 1041 2625 oppido
1066 2515 1403 2626 deprehendisset:

251 2627 448 2735 respondit
469 2627 691 2721 Praefestus,
712 2627 748 2706 se
769 2628 893 2735 Regis
916 2629 1053 2708 Gallia
1076 2631 1195 2723 dono,
1215 2629 1269 2710 ob
1289 2658 1405 2710 nava-

253 2758 335 2820 tam
362 2738 535 2848 Reipub.
561 2766 737 2846 operam,
772 2738 1041 2848 praefesturam
1072 2769 1160 2820 eam
1190 2742 1403 2851 accepisse;

251 2869 482 2932 curaturum
495 2850 673 2959 proinde,
686 2851 744 2930 uti
757 2879 802 2930 ea
814 2851 883 2930 fibi
896 2855 1069 2960 pretium
1081 2882 1207 2964 operae
1218 2853 1279 2933 fit.
1311 2854 1405 2934 Hoc

251 2962 429 3075 responso
450 2962 666 3056 frustratus,
687 2962 774 3072 post
793 2990 984 3071 magnum
997 2991 1092 3044 cum
1106 2966 1299 3074 temporis
1319 2984 1405 3046 turn

250 3077 425 3186 pecuniae
451 3075 715 3185 dispendium,
741 3095 969 3184 procurator
993 3076 1160 3157 domum
1183 3079 1403 3158 revertitur.

251 3191 454 3280 Petitorcs,
471 3216 556 3296 quae
576 3188 690 3267 restat
710 3188 780 3266 fibi
800 3187 897 3294 spes,
915 3215 1003 3267 eam
1023 3190 1065 3267 in
1084 3189 1206 3270 vestra
1226 3190 1306 3270 sola
1325 3190 1405 3269 cle·

250 3301 398 3381 mentid
417 3318 535 3407 atque
546 3299 696 3405 justitia
712 3300 919 3407 repofitam
935 3300 1007 3378 esse
1024 3301 1182 3393 vident;
1213 3302 1262 3380 ad
1282 3329 1404 3409 quam

249 3442 320 3522 per
339 3411 484 3491 nostras
504 3412 633 3490 literas
654 3408 872 3490 faciliorem
897 3411 967 3491 fibi
990 3412 1143 3493 aditum
1168 3412 1252 3493 fore
1277 3415 1403 3494 credi-

249 3525 416 3604 derunt:
447 3549 565 3602 eane
591 3521 686 3601 defit
714 3520 942 3604 hominibus
965 3542 1100 3604 contra
1116 3524 1182 3630 jus
1208 3536 1345 3619 omne,
1366 3544 1404 3604 et

248 3637 414 3747 repetita
432 3634 557 3714 vestra
581 3634 787 3714 interdicta
811 3634 996 3743 spoliatis,
1017 3663 1215 3743 rogamus.
1279 3637 1402 3828 Q

248 3767 381 3830 tamen
419 3748 446 3825 fi
485 3745 801 3855 impetrabimus,
839 3746 1160 3855 quandoquidem
1199 3746 1278 3829 hoc
1331 3747 1403 3829 ane

247 3859 509 3970 aequiffimum
528 3857 697 3952 videtur,
717 3857 766 3937 ab
786 3859 896 3938 infits
914 3861 1093 3967 aequitate
1112 3860 1250 3954 vestrlt,
1273 3862 1404 3972 potius

248 4001 370 4084 quarn
390 3989 528 4077 rogatu
548 3970 694 4064 nostro,
711 3972 968 4079 impetratum
987 3972 1029 4052 id
1048 3971 1122 4052 esse
1144 3973 1375 4055 statuemus.

336 4082 657 4192 Wtstmonasterio.
716 4081 833 4175 Maii,
856 4084 903 4163 16
909 4084 973 4189 56.

417 4193 635 4301 Majestatis
654 4195 784 4274 vestrae
801 4194 1121 4292 Studiofifiimus,

546 4307 751 4401 Oltberius,
769 4308 972 4389 Protefior
992 4309 1112 4419 Reip.
1133 4308 1306 4420 Angliae,
1326 4313 1401 4394 boc.
