2956 4980
111 327 115 333 ,
161 238 240 347 338
362 224 526 320 Literae
552 218 780 352 Richardi
803 219 1096 320 Proted’roris.

159 400 252 482 cubi
281 401 399 480 maris
419 396 608 481 Balticia
635 398 760 508 copiis
786 397 1018 505 quibusdam
1043 393 1180 475 vestris
1207 394 1304 474 deti·

159 513 268 607 neri;
301 514 451 593 tametsi
471 531 516 593 ut
537 511 632 592 huic
656 511 762 589 malo
781 528 1001 591 occurreret
1024 535 1120 588 cum
1143 525 1304 614 utraque

159 653 256 704 nave
277 622 537 732 syngrapham
557 622 683 731 figillo
702 621 819 701 curiae
841 623 1047 700 maritimae
1065 619 1304 726 obsignatam

161 733 240 817 una
258 737 451 815 curaverit
469 735 718 826 mittendam,
744 760 822 839 qua
850 752 890 812 et
916 733 1077 811 navium
1102 728 1249 810 harum
1273 747 1308 806 et

160 848 371 939 mercium,
390 848 555 956 excepta
574 844 720 925 halecis
736 863 846 952 parte
866 842 1096 951 supradicld,
1125 870 1255 921 unum
1274 840 1306 918 se

161 959 236 1039 effe
261 960 318 1037 ac'
338 959 565 1064 legitimum
593 957 804 1036 dominum
831 953 1126 1035 demonstraret.
1188 953 1308 1059 Cujus

161 1072 220 1148 rei
238 1066 333 1149 clun
356 1068 478 1148 fidem
501 1069 606 1178 apud
630 1095 700 1147 nos
720 1068 880 1176 plenam
905 1064 1056 1159 fecerit,
1082 1082 1177 1173 peto
1196 1091 1306 1172 mag·

161 1208 307 1290 nopere
336 1176 359 1258 a
388 1179 587 1292 Mcy'estate
616 1180 747 1287 Vestra
776 1178 1114 1285 (quandoquidem
1145 1177 1307 1256 duarum

160 1295 321 1372 navium
334 1291 485 1396 jadura
504 1295 583 1373 fine
602 1291 757 1371 summo
777 1287 951 1369 hominis
970 1290 1210 1369 detrimento
1231 1286 1307 1367 for-

161 1422 425 1510 tunarumque
446 1403 546 1484 forte
567 1404 749 1483 omnium
769 1399 974 1507 naufragio
993 1402 1061 1479 vix
1080 1398 1187 1508 poffe
1207 1401 1307 1479 acci·

24 1609 30 1619 ¹
160 1514 252 1594 dere
271 1499 443 1621 videtur)
473 1517 531 1595 uti
551 1515 711 1594 mandet
730 1513 805 1592 suis
825 1530 942 1620 atque
963 1513 1133 1622 imperet
1154 1511 1307 1591 illarum

161 1627 323 1705 navium
338 1625 502 1706 liberam
517 1628 648 1736 primo
663 1653 821 1732 quoque
836 1643 1015 1732 tempore
1029 1621 1306 1703 dimiffionem.

163 1738 275 1816 Deus
295 1736 548 1841 Majestatem
567 1737 749 1816 Vestram
768 1736 817 1814 ad
836 1736 1006 1842 gloriam
1025 1734 1148 1828 suam,
1171 1735 1309 1812 Eccle-

160 1846 564 2037 ffilmgsshomae
580 1848 801 1958 praefidium
820 1843 942 1955 quam
960 1842 1175 1926 diutiffime
1191 1844 1309 1925 servet

250 2070 306 2147 W
300 2067 556 2177 estmonasterio
575 2096 621 2146 ex
639 2069 748 2148 Aula
766 2068 903 2177 nostra,

360 2178 464 2287 Jan.
487 2202 555 2285 27.
576 2182 659 2259 An.
680 2179 800 2287 1658.

163 2534 384 2618 Richardus
415 2540 614 2617 Proteblor
645 2537 754 2644 Reip.
793 2536 962 2642 Angliae,
998 2536 1075 2616 &a
1137 2539 1251 2616 Cels
1278 2553 1311 2614 et

216 2647 633 2838 ZostentgbusslJomtnis
660 2646 927 2726 Occidentalis
952 2649 985 2727 F
988 2648 1081 2728 rifiae
1114 2648 1311 2757 Potestati·

164 2939 268 3019 Celsi
288 2956 328 3016 et
347 2939 531 3018 Potentes
552 2939 735 3031 Domini,
757 2939 893 3018 Amici
913 2967 957 3019 ac

332 3049 365 3126 F
366 3049 526 3128 oederati
548 3046 799 3143 Chariffimi3

166 3159 421 3346 GRavem
452 3159 500 3237 ad
531 3188 596 3238 me
628 3159 770 3239 detulit
800 3162 1001 3266 querelam
1031 3191 1101 3273 per
1133 3165 1312 3247 libellum

295 3270 512 3377 supplicem
537 3271 674 3350 Maria
698 3270 900 3353 Grinderia
919 3275 1050 3368 vidua,
1071 3302 1165 3355 cum
1197 3278 1268 3358 fibi
1294 3277 1313 3356 al

165 3375 304 3459 Thema
329 3381 533 3486 Killegraeo
552 3382 676 3461 vestro
701 3382 829 3462 milite
852 3387 1020 3493 pecunia
1046 3385 1145 3465 bene
1170 3417 1312 3496 magna

163 3507 251 3568 ante
271 3518 391 3569 annos
410 3493 630 3572 od‘todecim
649 3492 851 3586 debeatur,
867 3495 903 3573 se
924 3524 1017 3575 eum
1032 3525 1081 3576 ne
1096 3499 1207 3578 nullo
1226 3530 1312 3580 mo·

162 3599 214 3679 do
234 3599 424 3680 adducere
444 3629 514 3710 per
533 3603 833 3683 Procuratorem
852 3606 971 3715 polle,
992 3635 1119 3715 neque
1138 3629 1184 3690 ut
1202 3610 1312 3692 debi-

163 3729 248 3790 tum
265 3710 399 3805 solvat,
412 3740 539 3820 neque
560 3731 604 3792 ut
619 3713 666 3791 de
680 3713 769 3818 jure
785 3715 866 3809 suo,
880 3716 907 3795 sr
922 3718 1018 3824 quid
1039 3718 1097 3811 fit,
1109 3720 1206 3800 velit
1224 3722 1311 3828 lege

162 3823 357 3930 experiri3
389 3824 429 3902 id
449 3850 497 3901 ne
517 3821 539 3902 ὲ
558 3842 809 3933 procuratore
829 3827 954 3906 viduae
976 3830 1068 3934 cogi
1090 3831 1221 3937 poffit,
1243 3862 1312 3941 pe·

161 3933 243 4012 tiffe
263 3962 357 4014 eum
372 3930 394 4012 lt
411 3934 716 4015 Celfitudinibus
728 3935 862 4016 vestris
877 3966 947 4045 per
966 3938 1147 4020 libellum
1164 3941 1313 4052 suppli-

162 4070 250 4121 cem
270 4045 403 4122 necui
431 4045 546 4124 liceat
565 4074 658 4124 eum
685 4045 773 4152 lege
800 4048 980 4156 persequi
1001 4050 1117 4131 ullius
1138 4055 1313 4160 pecuniae

163 4152 211 4232 ab
230 4152 266 4230 se
286 4155 327 4231 in
348 4156 502 4260 Angliae
521 4155 675 4235 debitae.
734 4159 823 4263 Ego
843 4159 936 4238 vero
955 4161 984 4240 fi
1005 4162 1312 4246 Celfitudinibus

161 4265 294 4344 vestris
313 4261 390 4343 hoc
403 4283 555 4344 tantum
569 4266 847 4375 significavero,
859 4271 1022 4353 viduam
1041 4273 1130 4367 effe,
1144 4302 1314 4381 egenam

161 4373 249 4469 esse,
263 4376 482 4457 multorum
497 4395 664 4470 matrem
680 4380 950 4487 parvulorum,
963 4384 1073 4490 cujus
1088 4384 1159 4464 iste
1174 4414 1313 4468 omnes
