2956 4980
284 239 517 371 Scriptum
544 243 688 332 Dom.
717 240 1007 335 Protectoris.
1143 279 1219 360 355

69 409 238 521 Hffpam'
253 411 463 491 duodecim
480 413 528 490 ad
548 412 785 519 Anglicanas
800 440 948 493 merces
965 414 1220 522 inspiciendas

69 525 111 602 in
131 552 272 604 navem
288 524 550 618 ascenderent,
566 524 663 602 dum
679 524 805 630 Angli
820 524 902 603 suas
923 553 1072 606 merces
1092 528 1219 606 osten-

70 635 170 716 dunt
199 634 300 717 nihil
329 636 411 715 doli
441 654 674 729 metuentes,
705 637 821 716 dante
844 638 996 744 fignum
1018 640 1065 716 ab
1086 638 1218 719 littore

69 747 281 841 sacerdote,
295 748 468 857 Hstani,
481 750 620 829 edudta
636 749 799 856 quisque
817 749 904 843 fica,
920 778 1056 830 omnes
1071 751 1110 829 in
1128 753 1217 830 navi

70 862 216 967 Anglos
227 860 475 966 jugularunt,
493 880 630 970 praeter
649 862 748 940 duos
763 863 953 941 duntaxat
968 864 1036 970 qui
1053 864 1093 941 in
1110 891 1218 943 mare

70 972 330 1067 defiluerunt;
352 975 479 1053 caeteri
499 977 538 1052 iu
562 993 662 1052 terra
679 974 878 1080 exquisrtis
898 975 1134 1054 cruciatibus
1154 1003 1219 1054 ne·

68 1085 149 1164 cati
169 1083 279 1179 sunt3
309 1085 495 1194 magister
519 1085 599 1194 ipse
623 1105 765 1165 exutus
784 1086 954 1166 vestibus
973 1106 1012 1165 et
1031 1088 1079 1166 ad
1106 1087 1219 1167 arbo-

70 1225 156 1276 rem
177 1197 373 1304 alligatus,
396 1198 522 1277 nudus
553 1197 774 1277 muscarum
805 1198 995 1278 morfibus
1023 1200 1219 1308 expofitus

69 1309 150 1403 est;
182 1308 251 1388 ubi
275 1309 362 1417 post
385 1307 499 1390 horas
523 1309 665 1416 viginti
691 1310 855 1415 Nigrita
881 1311 1059 1418 quidam,
1084 1313 1219 1391 audito

70 1417 245 1500 hominis
277 1420 437 1526 ejulatu,
472 1424 671 1515 accedenS,
702 1421 787 1526 jam
820 1422 908 1502 antd
935 1424 1218 1503 moribundum

71 1532 206 1612 lancea
226 1533 442 1613 transfixit:
474 1535 582 1614 navis
601 1533 683 1613 haec
706 1562 801 1613 cum
825 1535 1021 1614 mercibus
1044 1536 1219 1644 quinque
1333 1534 1337 1543 ’

71 1645 249 1724 millibus
269 1663 310 1724 et
329 1647 625 1754 quadringentis
645 1646 753 1725 libris
773 1646 956 1727 aestimata
977 1647 1045 1726 est.

128 1757 221 1837 Alia
242 1759 365 1852 navis,
384 1760 450 1837 cui
470 1787 615 1838 nomen
638 1759 862 1854 Arcaariae,
883 1758 1023 1839 eodem
1043 1786 1144 1838 anno
1172 1757 1221 1837 ad

73 1871 252 1949 San'alum
295 1871 529 1951 Dominicam
573 1890 687 1979 capta
728 1871 798 1966 est,
838 1891 1041 1978 nautaeque
1084 1897 1220 1950 omnes

70 1980 293 2061 interfecti:
325 1980 406 2063 haec
435 1985 541 2062 navis
568 1984 679 2062 mille
703 1986 883 2064 trecentis
909 1983 1017 2063 libris
1037 1983 1221 2063 aestimata

71 2092 141 2171 est.

127 2204 222 2284 Alia
245 2205 353 2284 navis
378 2206 481 2285 dieta
504 2207 688 2286 Amicitia
713 2206 961 2310 Londinensts,
986 2234 1078 2285 cum
1111 2206 1221 2285 navi·

70 2317 140 2423 gio
159 2316 242 2411 su0,
263 2345 284 2396 a
305 2316 489 2399 Ladavico
511 2317 689 2424 Fajarda,
705 2320 826 2399 claffis
842 2321 957 2426 regiae
971 2318 1222 2426 Hstanienſss

72 2427 283 2522 navarcho,
296 2448 410 2539 capta
429 2431 500 2524 est,
516 2432 624 2509 navis
640 2459 733 2510 cum
753 2432 865 2510 bonis
885 2431 1069 2509 omnibus
1089 2429 1222 2539 publi-

24 2544 33 2567 ’“
72 2560 173 2634 cata,
199 2560 433 2623 mercatores
457 2571 502 2623 ac
526 2544 673 2622 nautici
693 2545 733 2622 in
755 2571 861 2621 mare
881 2543 1060 2634 demmfi,
1085 2562 1223 2651 praeter

73 2680 200 2732 unum
219 2656 404 2763 puerum,
421 2657 491 2762 qui
511 2655 558 2734 ad
575 2655 821 2735 serviendum
842 2654 897 2733 est
917 2655 1109 2734 servatus:
1142 2653 1222 2734 haec

72 2766 182 2844 navis
200 2792 294 2845 cum
320 2768 478 2874 navigio
497 2769 706 2875 quinquies
726 2768 836 2846 mille
856 2786 896 2846 et
920 2768 1146 2875 quingentis
1172 2767 1221 2846 ti-

75 2879 154 2956 bris
172 2876 356 2957 aestimata
375 2879 444 2958 est.

130 2991 196 3068 Ex
221 2990 296 3069 alia
321 2992 425 3085 navi,
449 2991 515 3070 cui
541 3018 686 3069 nomen
708 2984 785 3069 The
806 2992 937 3082 Scarn,
964 3017 1059 3068 cum
1084 3017 1222 3069 omnes

74 3121 215 3196 nautae,
241 3101 491 3211 Hfitanaram
514 3102 816 3209 dejerationibus
841 3100 986 3194 confifi,
1014 3102 1053 3178 in
1079 3120 1222 3180 terram

73 3212 211 3318 egreffi
241 3214 374 3307 effent,
408 3242 545 3294 omnes
581 3233 711 3293 tamen
746 3214 895 3321 alligati
922 3211 971 3291 ad
1002 3213 1155 3292 arbores
1183 3233 1222 3292 et

76 3323 301 3433 strangulati
323 3326 423 3405 sunt.
483 3326 568 3405 Ubi
589 3343 823 3405 mercatores
843 3345 883 3405 et
902 3352 1042 3404 navem
1061 3344 1101 3404 et
1120 3325 1222 3404 bona

75 3439 210 3516 omnia
230 3438 455 3531 amiserunt,
477 3439 586 3517 mille
608 3439 833 3546 quingentis
852 3437 961 3517 libris
980 3436 1178 3517 aestimata.

132 3551 281 3629 *Anno
307 3551 410 3630 1606
429 3553 551 3643 navis,
571 3552 637 3628 cui
656 3577 801 3628 nomen
822 3552 1036 3658 Neptunus,
1059 3553 1108 3628 ad
1135 3551 1223 3629 Tor-

74 3676 206 3767 tugam
229 3661 279 3740 ab
303 3661 554 3770 Hstanaram
580 3661 740 3740 navibus
761 3662 998 3770 praedatoriis
1021 3681 1135 3772 capta
1154 3661 1222 3755 est,

74 3793 244 3879 quatuor
263 3774 440 3853 millibus
460 3792 501 3853 et
521 3774 703 3853 trecentis
722 3773 831 3853 libris
851 3775 1047 3853 aestimata.

131 3884 288 3966 Eodem
303 3914 405 3965 anno
425 3886 531 3965 navis
551 3885 640 3979 alia,
661 3913 748 3993 quae
760 3884 917 3964 Alauda
936 3884 1137 3963 nominata
1152 3884 1217 3984 ess,

75 3996 297 4078 aLadavica
313 3996 481 4104 Fajardo
493 4016 621 4106 capta,
638 4017 782 4076 etcum
800 4015 883 4076 toto
898 4023 1014 4075 onere
1027 3993 1226 4105 publicata

118 4288 140 4332 ⁴
163 4285 296 4374 Joanner
312 4287 416 4350 Davis
432 4287 493 4350 duo
509 4284 628 4371 navigia
646 4306 720 4348 cum
740 4282 883 4347 omnibus
900 4283 989 4346 bonis
1006 4282 1115 4363 amisit,
1135 4285 1227 4348 inter·

78 4372 166 4437 fedis
181 4395 289 4437 eorum
304 4375 447 4437 omnibus
463 4372 575 4450 nautis,
593 4370 629 4433 ad
646 4370 723 4434 illius
738 4369 937 4454 navigationis
958 4370 1124 4449 interitum,
1146 4370 1226 4434 unde

76 4460 168 4523 trium
185 4459 313 4523 millium
329 4475 360 4522 et
375 4461 610 4544 quingentarum
625 4457 767 4521 librarum
779 4454 930 4541 jadiuram
948 4456 1029 4518 fecit.
