2956 4980
169 260 249 343 ¹70
571 222 698 316 Artis
724 223 909 352 Logicae
1106 216 1220 315 Lib.
1245 259 1284 314 2.

217 394 338 472 Unde
358 392 594 500 intelligitur
613 394 677 502 agi
697 391 763 473 htc
779 394 827 473 de
843 389 1034 473 methodo
1047 393 1232 473 tradendi
1248 393 1320 472 five

159 506 342 599 docendi,
359 535 445 614 quae
462 505 654 612 analytica
674 505 777 586 redte
796 508 954 598 dicitur,
975 533 1055 585 non
1075 507 1316 585 inveniendi.

162 617 380 698 Methodus
396 646 435 697 n.
457 618 682 697 inveniendi
696 646 783 725 quae
796 615 817 698 ὲ
831 619 991 698 Platone
1007 616 1318 725 dicitursynthe-

159 732 251 824 tica,
265 731 444 840 procedit
463 727 484 809 ὲ
500 729 758 838 fingularibus
774 759 861 839 quae
877 750 1056 840 tempore
1071 730 1160 811 suut
1177 732 1315 839 priora,

161 840 403 951 sensrbr'rsque
440 842 476 921 se
508 846 616 951 prius
646 842 843 938 offerunt;
885 871 1058 952 quorum
1092 843 1314 923 inductione

161 956 360 1063 generales
382 955 559 1034 notiones
579 956 839 1061 colliguntur:
862 955 1073 1036 methodus
1092 974 1229 1037 autem
1248 955 1312 1035 do·

161 1068 277 1147 cendi
295 1070 370 1147 five
390 1069 548 1146 inventa
567 1087 608 1147 et
625 1068 800 1173 judicata
818 1068 1064 1177 disponendi,
1085 1068 1134 1147 de
1154 1096 1234 1177 qua
1250 1065 1309 1145 hic

162 1181 305 1287 agitur.
367 1180 574 1258 Contraria
593 1181 655 1258 via
675 1199 719 1260 ut
739 1181 859 1259 etiam
879 1181 994 1260 docet
1013 1181 1137 1288 Arss.
1167 1207 1202 1260 1.
1224 1180 1306 1259 Me·

164 1290 273 1400 taph.
295 1320 331 1372 c.
360 1319 394 1371 1.
416 1310 456 1370 et
477 1317 515 1371 2.
537 1292 715 1400 procedit
745 1293 793 1372 ab
827 1292 1122 1386 universalibus,
1142 1321 1229 1402 quae
1246 1318 1302 1371 na·

162 1424 248 1484 tura
268 1403 354 1483 sunt
373 1404 502 1512 priora
518 1422 558 1482 et
573 1405 746 1497 notiora;
769 1432 847 1484 non
860 1434 940 1513 quo
953 1405 1061 1514 prius
1078 1423 1146 1485 aut
1162 1403 1299 1485 facilius
1327 1464 1334 1473 .

160 1516 456 1624 cognoscantur,
470 1515 534 1595 sed
544 1514 652 1624 quod
665 1517 918 1626 posteaquam
930 1517 1018 1597 sunt
1031 1519 1205 1624 cognita,
1220 1544 1298 1626 pra·

162 1630 307 1710 cedunt
327 1629 498 1708 notionis
519 1648 657 1708 natura
675 1648 715 1709 et
733 1629 907 1710 claritate
921 1650 1068 1739 quanto
1085 1630 1174 1709 sunt
1192 1627 1215 1709 l
1232 1629 1300 1708 sen·

162 1741 263 1822 fibus
294 1742 518 1820 remotiora.
580 1742 645 1820 Sic
674 1742 873 1870 generales
905 1770 1036 1822 rerum
1074 1741 1219 1851 species
1250 1740 1354 1849 (ut

163 1854 303 1961 Optici
322 1855 443 1932 etiam
466 1852 625 1959 docent)
647 1855 766 1933 citius
790 1855 832 1932 in
861 1853 1022 1934 sensus
1012 1874 1240 1935 incurrunt.
1267 1862 1320 1929 ut

161 1967 435 2046 advenientem
451 1963 672 2072 aliquem,
664 1965 794 2045 udico
814 1968 921 2076 prius
940 1967 1086 2047 animal
1105 1966 1179 2046 effe
1193 1963 1329 2075 quam

163 2078 385 2169 hominem,
401 2096 440 2156 et
460 2076 665 2156 hominem
685 2107 807 2186 quam
823 2082 1026 2159 Socratem.
1057 2082 1194 2188 Atque
1214 2078 1343 2159 ham⁶

164 2191 285 2272 solam
305 2186 541 2268 methodum
563 2190 722 2299 Arssot.
745 2192 882 2300 paffim
902 2192 1050 2272 docuit.
1159 2212 1161 2217 ’

220 2303 295 2383 Sed
308 2301 467 2382 methodi
482 2302 660 2381 unitatem
679 2303 836 2411 exempli
819 2303 1102 2384 rdoeirinarum
1121 2323 1159 2383 et
1177 2303 1354 2384 artiffl

158 2416 330 2524 praecipu
332 2413 626 2523 >demonstrant,
640 2415 900 2526 praecipne'que
919 2415 1128 2496 vindicant.

221 2526 364 2633 Qnibns
383 2527 552 2635 quamvis
570 2558 686 2607 ornnes
705 2529 846 2634 regnlae
866 2530 1059 2635 generales
1072 2529 1158 2635 stnt
1177 2546 1213 2607 et
1233 2533 1354 2609 un!

164 2639 292 2745 verser!
288 2668 339 2731 es,
352 2655 474 2717 tamen
489 2667 616 2718 earum
632 2640 777 2746 gradus
792 2640 1090 2749 distinguuntur:
1112 2640 1354 2750 qnanto'qrb

164 2778 393 2860 unaquaeqne
407 2751 618 2856 generalior
637 2753 725 2845 erit,
746 2772 851 2832 tanto
870 2782 989 2860 magis
967 2751 1203 2880 praecedet.

223 2866 370 2943 Genera
371 2862 533 2966 ΙιβιιιαΙ
529 2893 587 2943 ιιι
607 2882 644 2943 et
663 2864 787 2945 ordine
807 2865 935 2972 prima
962 2865 1050 2959 erit,
1071 2865 1160 2974 qnia
1187 2862 1353 2944 Ιιιιιιιιι4

163 2994 201 3055 et
219 2976 352 3056 notitia
364 2976 492 3083 prima
511 2975 571 3084 ιβ.

222 3091 250 3167 S
252 3088 324 3168 uba
326 3087 735 3197 ternaeconsequentur,
741 3116 855 3197 qurac
856 3088 1012 3170 arrtate
1009 3088 1107 3196 sunt
1112 3105 1350 3197 proxrmaeae

165 3219 276 3309 utque
294 3230 339 3280 ex
359 3200 416 3280 his
434 3218 576 3280 natura
601 3201 756 3279 notiores
775 3217 1056 3311 praeponentur,
1076 3201 1198 3280 minus
1223 3211 1353 3280 note

151 3312 440 3420 substituentur.

337 3471 829 3584 Tandqunespecialissima
849 3474 1126 3583 constituentur.

222 3649 401 3754 Definitio
421 3650 545 3756 itaque
559 3648 826 3755 generalifflma
844 3648 974 3757 prima
992 3648 1093 3739 erit,·
1123 3652 1258 3731 causas
1276 3677 1316 3729 n.

164 3763 340 3840 continet
375 3761 611 3840 Definitioni
645 3760 877 3840 consectaria
912 3759 1209 3868 subjungentur,
1245 3762 1317 3841 five

165 3875 450 3982 proprietatum
471 3874 599 3981 fiquae
616 3873 756 3952 suntet
772 3900 822 3951 ex
842 3871 1070 3952 definitione
1090 3900 1161 3981 per
1182 3873 1220 3953 se
1240 3900 1315 3953 non

165 4005 313 4093 patent,
333 3987 613 4095 explicationes
633 3984 870 4064 Distributio
891 3984 1082 4092 sequetur.

222 4099 366 4226 Qeaest
380 4098 571 4206 multiplex
578 4097 723 4204 suerit,
737 4095 925 4204 praecedet
943 4097 981 4177 in
999 4114 1133 4206 partes
1151 4096 1318 4206 integras

157 4210 334 4319 partitio,
346 4211 625 4319 stqnetnrr
546 4209 707 4313 danista
690 4240 728 4289 ιιι
734 4209 889 4317 spaciis.
950 4209 1157 4318 Partffque
1177 4209 1265 4318 ipsae
1283 4227 1318 4289 et

149 4322 200 4432 sp
201 4323 291 4403 ecies
303 4321 416 4402 eodem
428 4321 654 4425 ordinesnnt
671 4323 801 4428 rnrstes
813 4322 1024 4459 tradenda
1035 4320 1317 4429 acdefiniendae,

163 4465 230 4543 quo
249 4435 287 4515 d
274 4434 454 4543 strrbntae
459 4434 628 4540 suerent
