2956 4980
403 202 566 298 Literae
591 206 784 300 Senatus
810 203 1078 335 Anglicani.
1236 218 1313 331 1'97

156 398 228 451 nes
248 389 387 479 gentes
407 371 506 454 bene
523 395 691 456 moratas
711 377 929 473 adauxeris,
946 380 1009 460 sed
1026 400 1065 460 et
1084 409 1154 461 nos
1174 382 1317 491 impti-

157 485 253 577 mis,
284 484 560 595 populumque
589 491 843 596 Anglicanum
872 492 1067 595 Lusitanis
1089 494 1175 599 jam
1204 491 1317 573 antei

159 595 332 676 minime
353 596 573 693 adversum,
600 601 697 679 Tibi
721 621 866 712 tuoque
889 607 1039 713 populo
1059 605 1250 712 majorem
1273 608 1316 686 in

159 706 330 788 modum
350 708 583 794 devinxeris.
642 713 756 793 Vale.

250 820 575 934 Westmonastmt.
635 827 737 906 Dat.
762 850 829 933 27.
847 827 1010 936 Aprilis.
1038 828 1161 936 1650.

561 1159 916 1272 Hamburgerfibus.

269 1324 587 1404 Econtroverfiis
599 1302 1082 1421 mercatorum,nnnnullis
1098 1328 1217 1405 etiam
1230 1324 1315 1405 aliis

298 1436 348 1516 de
368 1435 483 1516 rebus
502 1464 587 1545 quae
607 1437 798 1547 Reipubl.
825 1439 960 1517 nostrae
982 1438 1217 1545 dignitatem
1241 1438 1314 1516 ali·

161 1564 309 1738 lilim
325 1544 488 1656 propius
503 1550 695 1657 attingere
712 1550 907 1644 videntur,
924 1550 1113 1658 scriptum
1128 1551 1314 1628 internos

212 1658 269 1738 ud
288 1660 423 1752 semel,
444 1678 561 1768 atque
582 1661 807 1771 responsum
822 1661 889 1741 est.
950 1663 1058 1741 Cum
1074 1659 1167 1740 verb
1189 1659 1315 1740 istius-

162 1770 275 1851 modi
296 1772 455 1880 negotia
481 1772 569 1853 solis
593 1773 715 1854 literis
738 1773 882 1852 confici
901 1774 967 1852 vix
992 1773 1096 1882 polle
1117 1771 1315 1880 intelliga-

158 1910 264 1977 mus,
285 1883 360 1964 elle
380 1903 514 1963 autem
534 1881 556 1964 l
577 1887 710 1966 Carolo
733 1887 889 1965 Stuarto
905 1885 1093 1965 immiffos
1113 1886 1154 1964 in
1175 1885 1315 1964 urbem

158 1995 333 2076 vestram
363 1996 557 2076 seditiosos
591 1998 795 2106 quosdam,
829 1997 937 2078 nulli
970 2026 1011 2077 re
1040 1999 1167 2104 magis
1195 1993 1316 2105 quim

158 2104 304 2188 scelere
319 2129 436 2216 atque
451 2107 612 2189 audaci&
627 2110 846 2203 instructos,
860 2112 931 2220 qui
948 2109 988 2188 id
1008 2129 1144 2216 agunt,
1162 2129 1207 2189 ut
1226 2107 1315 2188 nos-

158 2237 314 2301 trorum
333 2217 560 2314 hominum,
586 2249 758 2330 quorum
783 2220 993 2330 praesertlm
1018 2220 1113 2301 fides
1132 2223 1173 2299 in
1194 2221 1316 2330 patri·

157 2358 228 2411 am
259 2330 496 2441 perspectior
526 2333 584 2426 fit,
617 2334 904 2414 commercium
937 2330 1018 2413 tim
1047 2333 1242 2412 vetustum
1274 2334 1315 2411 in

158 2443 320 2523 civitate
347 2443 472 2523 vestri
496 2442 673 2525 funditus
700 2445 853 2540 tollant,
878 2443 1026 2524 idcircb
1048 2445 1179 2523 virum
1201 2443 1317 2524 nobi-

158 2555 243 2634 lem
258 2572 298 2635 et
319 2555 640 2666 speetatiffimum
656 2556 889 2637 Richardum
910 2556 1120 2663 Bradshaw
1139 2556 1317 2636 nostrum

157 2666 267 2778 apud
286 2695 356 2748 vos
376 2669 670 2748 Internuntium
690 2668 983 2781 efgjuffimus:
1011 2671 1080 2776 qui
1102 2665 1316 2749 secundum

159 2807 207 2860 ea
230 2807 318 2889 quae
341 2776 363 2858 ὲ
388 2780 500 2860 nobis
532 2781 714 2861 mandata
742 2781 875 2876 habet,
905 2782 953 2861 de
981 2782 1096 2860 rebus
1122 2783 1169 2861 iis
1198 2801 1315 2888 atque

156 2891 330 3000 negotiis
350 2920 436 3000 quae
452 2921 547 2973 cum
564 2893 763 3002 utriusque
778 2894 952 3004 Reipub.
971 2893 1204 2972 utilitatibus
1219 2920 1316 2972 con-

151 3004 293 3111 junela
308 3003 409 3098 sunt,
424 3005 627 3084 vobiscum
643 3003 802 3085 uberius
820 3006 1130 3096 communicate,
1151 3022 1190 3082 et
1211 3021 1316 3083 tran·

162 3117 286 3224 figere
299 3116 428 3225 poffit.
459 3117 583 3197 Hunc
599 3119 722 3224 igitur
737 3135 780 3196 ut
795 3115 984 3197 benevole
1000 3143 1121 3224 quam
1138 3112 1317 3225 primbm

157 3228 327 3309 audiatis
348 3256 557 3336 rogamus3
581 3249 703 3337 utque
724 3231 761 3308 ei
777 3256 847 3338 per
862 3229 996 3308 omnia
1015 3227 1110 3307 fides
1130 3256 1189 3321 ea,
1206 3227 1314 3336 isque

159 3338 288 3420 honos
309 3337 512 3436 habeatur,
537 3343 608 3449 qui
631 3339 857 3448 hujusmodi
877 3368 1021 3420 munus
1041 3339 1145 3420 reete
1164 3340 1315 3421 obeun-

160 3453 266 3533 tibus
285 3452 434 3560 ubique
454 3457 637 3559 gentium
656 3452 792 3533 haberi
813 3454 923 3533 solet.
984 3453 1140 3533 Valete.

249 3564 571 3674 chlmonasterio.
632 3567 734 3648 Dat.
759 3590 797 3647 2.
820 3565 984 3678 Aprilis.
1011 3566 1129 3673 1650.

564 3914 916 4023 Hamburgetfibus.

160 4081 422 4192 Ampliffimi,
442 4081 668 4189 Magnifici‚
689 4100 729 4160 et
750 4080 975 4191 speclabiles
991 4079 1096 4173 Viri,

187 4250 196 4265 -
442 4194 580 4274 Amici
598 4192 835 4287 chariffimi;

162 4306 362 4499 STudia
377 4303 500 4385 vestra
514 4305 659 4415 quibus
674 4306 898 4384 venientem
914 4304 961 4384 ad
977 4333 1044 4384 vos
1062 4304 1314 4384 Refidentem

259 4418 435 4499 nostrum
455 4419 672 4526 accepistis,
700 4414 779 4497 tim
800 4415 1001 4527 propensa,
1024 4413 1182 4525 timque
1202 4441 1316 4522 egre·

159 4530 228 4638 gia
255 4529 438 4624 extitisse,
469 4550 509 4610 et
536 4530 703 4610 libenter
733 4529 1009 4636 intelligimus,
1039 4528 1149 4608 etin
1179 4526 1316 4606 eadem
