2956 4980
164 272 244 325 220
397 234 558 355 literae
585 205 787 327 Senatus
802 226 1072 360 Anglicani.

160 407 390 486 Concilium
411 404 661 498 intellexerit,
682 433 767 514 quae
788 405 950 484 ulterius
963 405 1148 484 mandata
1160 404 1308 485 dederit

161 518 363 598 Celfitudo
376 517 513 596 Vestra
528 518 576 594 de
593 518 861 597 incolumitate
877 537 994 624 atque
1009 517 1134 598 tutela
1148 517 1307 597 navibus

159 631 334 736 Anglicis
353 629 577 738 praestanda,
590 629 709 708 etiam
723 629 863 737 Belgis,
884 656 933 708 ne
952 630 993 707 id
1010 627 1136 723 fieret,
1159 630 1307 738 impor-

160 741 252 821 tune
272 763 407 823 contra
431 739 659 834 nitentibus,
681 768 728 820 ne
753 739 854 821 hanc
877 741 1042 849 quidem
1065 742 1309 822 occationem

160 854 468 962 praetereundam
491 850 566 931 esse
592 852 754 946 censuit,
777 852 1015 962 significandi
1036 851 1165 933 rursus
1185 853 1309 934 Celsi·

160 967 288 1046 tudini
312 966 456 1044 Vestrae
477 964 514 1044 se
541 964 709 1043 vestram
725 965 916 1071 justitiam
941 983 982 1043 et
1006 964 1247 1072 fingularem
1269 966 1313 1046 in

161 1079 332 1158 tutandis
352 1077 513 1157 navibus
528 1072 604 1154 suis
623 1075 880 1157 constantiam
894 1105 988 1160 curn
1003 1076 1170 1186 plurimi
1183 1075 1313 1156 facere

162 1209 247 1268 tum
261 1189 464 1270 sibietiam
479 1187 734 1296 gratissimam
747 1187 903 1270 habere.
937 1189 1315 1300 Qodcumsolidae

158 1303 340 1382 amicitiae
361 1301 555 1408 studiique
574 1301 690 1380 vestri
710 1302 751 1379 in
770 1298 872 1380 hanc
891 1300 1073 1410 rempub.
1096 1298 1204 1381 haud
1226 1302 1309 1382 leve

159 1415 352 1495 indicium
369 1415 428 1507 fit,
450 1410 675 1523 persuadere
691 1412 761 1491 sibi
780 1415 925 1522 poterit
945 1413 1149 1493 Celsitudo
1170 1414 1309 1494 Vestra

159 1529 265 1634 paria
284 1527 414 1607 officia
432 1546 550 1635 atque
571 1525 695 1604 studia
715 1526 754 1603 in
776 1526 888 1605 nobis
902 1552 993 1634 erga
1012 1525 1196 1605 Vestram
1213 1526 1308 1606 Cel-

161 1638 369 1718 fitudinem
389 1665 592 1744 nunquam
609 1636 645 1716 se
660 1635 734 1716 esse
753 1637 1066 1718 defideraturam.
1128 1642 1309 1750 Qaeque

158 1751 352 1830 declarare
384 1750 526 1860 poffint
555 1746 677 1857 quim
708 1748 819 1829 nobis
849 1749 1111 1830 deliberatum
1139 1751 1187 1829 fit
1221 1779 1309 1830 eam

159 1864 376 1942 amicitiam
399 1890 485 1972 quae
508 1857 602 1941 huic
626 1861 800 1971 Reipub.
822 1888 916 1943 cum
932 1862 1069 1940 Vestra
1093 1863 1310 1943 Serenitate

158 1973 227 2068 est,
252 2002 372 2082 quarn
400 1972 702 2053 constantislime
730 1991 845 2083 atque
872 1971 1084 2054 diutissime
1108 2002 1183 2082 pro
1208 1976 1310 2054 virili

158 2087 284 2166 nostri
305 2105 413 2195 parte
430 2085 667 2166 conservare.
712 2086 800 2165 Nos
817 2087 975 2166 interim
993 2085 1155 2165 navibus
1172 2088 1310 2167 nostris

158 2198 355 2293 omnibus,
369 2227 455 2306 quae
466 2197 609 2277 vestros
622 2217 757 2308 portus
773 2198 1000 2277 intraverint
1014 2197 1165 2278 disertis
1183 2201 1310 2279 verbis

159 2312 445 2404 mandavimus,
463 2331 507 2390 ut
522 2310 767 2389 salutationes
780 2310 1003 2419 explofione
1020 2328 1309 2391 tormentorum

157 2425 371 2518 consuetas,
393 2451 633 2530 omnemque
650 2418 843 2500 honorem
863 2422 1041 2502 debitum
1062 2421 1195 2503 vestrae
1217 2426 1309 2503 Cel-

157 2537 315 2615 fitudini
334 2535 522 2614 exhibere
545 2534 813 2613 meminerint.

242 2649 343 2727 Dat.
366 2645 470 2725 Alba
490 2647 597 2725 Aula
614 2645 792 2755 Septemb.
821 2647 869 2725 16
874 2672 940 2753 52·

186 2775 238 2852 Et
258 2772 433 2852 Concilii
453 2771 593 2880 Sigillo
612 2770 754 2850 deinde
780 2769 1049 2879 consignandis
1075 2770 1306 2884 subscripsit.

916 2883 1073 2998 Concilii
1088 2885 1252 2991 Praeses.

177 3248 246 3329 Ad
262 3251 450 3355 Legatum
470 3246 714 3357 Hispanicum
734 3245 984 3358 Alphonsum
1005 3249 1054 3329 de
1076 3250 1290 3333 Cardenas.

242 3422 576 3501 Excellentiffime
594 3424 785 3516 Domine,

253 3547 363 3625 Iterae
380 3547 621 3627 Excellentiae
640 3549 679 3626 V
673 3547 778 3656 essrae
788 3558 839 3644 ῑ-ζ-
856 3547 1036 3628 Novemb.
1057 3551 1105 3629 16
1110 3576 1179 3657 52,
1196 3553 1309 3647 datae,

278 3677 318 3737 et
338 3655 360 3736 ὲ
385 3661 598 3738 Secretario
624 3660 749 3738 vestro
774 3658 953 3740 Novemb.
978 3660 1018 3755 8,
1039 3662 1212 3757 redditae,
1235 3664 1312 3746 una

158 3797 252 3848 cum
282 3770 434 3850 duobus
463 3771 606 3851 libellis
633 3770 872 3881 supplicibus
903 3773 1016 3852 simul
1041 3775 1244 3872 involutis,
1269 3780 1309 3857 in

158 3883 342 3964 Concilio
360 3884 526 3962 recitatae
537 3883 624 3964 sunt
638 3886 685 3964 de
700 3883 861 3964 navibus
878 3882 1069 3965 nimirbm
1087 3888 1256 3994 Samsone
1271 3909 1312 3969 et

159 3996 237 4072 San
254 3994 458 4076 Salvedore
478 3996 598 4104 vulgb
619 3997 852 4089 nominatim
884 3998 932 4079 ad
954 4026 1049 4106 quas
1075 4001 1310 4082 Concilium

159 4106 382 4215 responsum
407 4107 483 4187 hoc
508 4108 659 4188 reddit:
693 4110 852 4189 Navem
878 4111 1093 4218 Anglicam
1117 4112 1310 4222 praefidia·

159 4219 272 4313 riam,
289 4248 380 4299 cum
403 4221 443 4298 in
459 4221 657 4329 praedictas
670 4249 784 4301 naves
802 4248 879 4300 non
896 4223 943 4301 in‘
954 4223 1101 4317 Dnnis,
1118 4244 1163 4303 ut
1176 4225 1311 4306 scribit

159 4333 404 4412 Excellentia
428 4334 579 4426 Vestra,
604 4333 667 4412 sed
699 4335 739 4413 in
770 4334 849 4413 alto
882 4335 1088 4430 incidisset,
1120 4354 1310 4446 tanquam

157 4443 330 4527 hostium
351 4474 490 4527 navem
507 4446 641 4555 praedae
657 4444 832 4527 habitam
847 4447 885 4525 in
900 4465 1061 4557 portum
1080 4449 1307 4546 adduxiffe3
