2956 4980
105 227 223 359 Cap.
253 269 320 346 24.
419 226 608 324 Plenior
635 223 881 324 Institutio
1168 276 1222 358 79

66 406 259 516 locupletis
283 405 424 516 quidem
450 406 564 499 certi,
591 403 782 484 Bambalio
803 404 948 514 quidam
967 426 1097 516 pater,
1126 411 1225 491 homo

67 521 170 599 nullo
188 548 352 612 numero,
374 519 472 599 nihil
486 518 547 596 illo
566 517 831 625 contemptius;
862 521 929 628 qui
945 538 1102 631 propter
1120 525 1224 629 licest-

65 631 231 711 tantiam
249 631 653 740 linguaestupore‘mque
672 628 803 722 cordis,
825 659 1013 738 cognomen
1032 664 1077 713 ex
1096 653 1225 715 contu-

66 744 178 825 melia
195 746 377 824 traxerit.
439 746 503 823 Ex
519 741 708 847 adjunctis
725 742 780 821 est
800 745 947 823 notatio
963 744 1045 826 haec
1059 747 1224 828 Bamba-

68 857 175 935 lionis
193 858 288 964 quia
306 856 443 936 balbus
467 876 507 935 et
527 855 713 963 stupiduS.
774 856 808 933 E
829 855 1072 937 diffentaneis
1092 879 1226 939 autem

69 967 160 1048 sunt
178 969 247 1049 illa
266 970 371 1078 apud
390 966 550 1075 Qintil.
573 966 600 1046 l.
621 994 654 1046 1.
676 997 709 1046 c.
726 967 765 1045 6.
825 971 970 1063 Lucus,
991 971 1078 1079 quia
1094 972 1226 1053 umbra

66 1099 217 1190 opacus,
239 1094 378 1192 pa'rum
397 1083 548 1160 luceat:
583 1098 620 1160 et
646 1078 768 1172 ludus,
795 1081 883 1188 quia
898 1081 958 1186 stt
986 1083 1226 1190 longifflmiti

69 1194 180 1301 lustt:
210 1211 247 1273 et
267 1194 357 1288 Dis,
378 1193 465 1303 quia
487 1192 632 1272 minimi
650 1190 765 1271 dives.
825 1194 894 1272 Est
921 1195 1041 1275 etiam
1070 1195 1091 1275 ὲ
1115 1214 1226 1277 com'-

68 1306 214 1417 paratis
235 1310 383 1387 notatio
402 1305 559 1414 pyropi,
580 1303 689 1413 quod
716 1304 817 1411 ignis
837 1307 1039 1411 quondam
1056 1307 1226 1416 speciem

68 1418 255 1529 praebeat.
1064 1439 1065 1442 ’

126 1532 265 1639 Atque
280 1527 468 1609 haetenus
488 1528 772 1607 denotatione:
795 1555 900 1607 nunc
915 1531 1066 1639 aliquid
1086 1533 1133 1611 de
1154 1562 1225 1613 no-

70 1644 181 1723 mine
201 1642 465 1748 adjiciendum
486 1642 555 1720 est.
616 1641 683 1748 Est
702 1640 794 1720 enim
818 1659 861 1719 ut
887 1644 1069 1723 notationi
1090 1645 1143 1726 ad
1152 1646 1227 1752 su-

69 1784 133 1835 um
150 1784 290 1847 nomen,
296 1754 359 1859 stc
377 1754 515 1834 nomini
529 1753 582 1833 ad
594 1753 812 1832 notationem
818 1752 896 1859 sua
915 1754 1073 1864 affictio.
1131 1760 1226 1839 Hoc

69 1868 141 1961 est,
163 1889 209 1947 ut
228 1867 376 1947 notatio
397 1868 526 1975 arguit
550 1893 710 1957 nomen,
737 1866 788 1945 fic
810 1893 954 1945 nomen
975 1870 1140 1949 viciffim
1166 1900 1226 1950 ar-

68 1980 160 2087 guit
179 1980 435 2060 notationem.
495 1980 557 2057 Ut
575 1978 698 2056 animi
723 1978 875 2086 plenus,
900 2007 996 2087 ergo
1016 1983 1225 2077 animosus,

69 2111 111 2172 et
138 2089 289 2187 contri,
316 2091 525 2184 animosus,
555 2117 650 2198 ergo
675 2091 797 2169 animi
831 2091 983 2199 plenus.
1044 2095 1154 2174 Nam
1186 2117 1226 2177 et

68 2232 219 2284 nomen
239 2231 398 2313 quoque
417 2223 551 2283 ortum
571 2222 852 2310 argumentum
871 2204 949 2297 est;
981 2234 1031 2284 ex
1055 2235 1135 2313 quo
1155 2236 1225 2287 au-

70 2336 155 2397 tem
175 2314 284 2397 fonte
304 2316 465 2409 oriatur,
486 2315 636 2395 notatio
651 2315 834 2395 declarat.
884 2317 985 2396 Haec
1006 2337 1139 2398 autem
1155 2349 1225 2427 ap-

68 2430 282 2538 pendicula
293 2430 342 2508 de
357 2428 518 2508 nomine
532 2427 678 2507 idcirco
691 2427 747 2506 est
761 2427 921 2534 adjecta,
937 2430 1029 2537 quia
1043 2458 1136 2510 cum
1152 2434 1227 2512 alia

69 2561 304 2649 argumenta
324 2540 426 2620 inter
446 2540 482 2618 se
503 2539 656 2632 atheta,
681 2558 778 2647 quot
802 2540 964 2647 quidem
989 2543 1130 2623 eodem
1155 2572 1226 2624 no-

69 2656 181 2732 mine
200 2681 246 2732 ac
265 2652 492 2732 definitione
514 2680 593 2730 non
613 2652 700 2731 sunt
719 2651 1015 2761 comprehensa,
1041 2655 1105 2735 sua
1125 2656 1225 2736 seor-

70 2765 159 2845 sum
178 2767 306 2874 capita
326 2765 396 2844 fibi
415 2763 639 2858 habuerint,
661 2785 700 2843 et
721 2766 919 2844 tantillum
939 2766 1031 2846 effet
1050 2770 1157 2877 quod
1177 2771 1225 2849 de

70 2880 236 2957 nomine
256 2877 469 2957 dicendum
489 2895 584 2971 etat,
611 2905 688 2956 non
708 2877 912 2957 videbatur
931 2898 1050 2987 caput
1075 2908 1225 2960 novum

69 2990 125 3071 ob
145 2991 187 3069 id
207 2989 282 3070 etse
301 2988 600 3069 instituendum.
660 2990 708 3067 In
732 2987 809 3069 hoc
839 2992 961 3096 igitur
989 2993 1117 3100 capite
1146 2994 1226 3072 duo

68 3102 150 3182 loci
173 3102 409 3182 inventionis
435 3104 700 3195 continentur,
729 3103 940 3180 notationis
964 3121 1003 3182 et
1028 3104 1223 3186 nominis:

69 3216 177 3295 inter
194 3243 294 3323 quos
312 3214 338 3293 fi
358 3215 600 3322 comparatio
621 3213 701 3308 fiat,
719 3216 848 3323 potior
865 3213 1019 3295 videtur
1039 3219 1224 3298 nominis.

69 3327 195 3408 Unde
216 3347 297 3408 tota
323 3324 405 3406 haec
424 3326 621 3434 categoria
641 3325 689 3404 ab
710 3326 908 3434 Arssotele
927 3327 1026 3408 locus
1044 3327 1068 3407 t
1089 3331 1227 3411 nomine

70 3439 233 3519 dicitur.
276 3435 498 3548 Saepir'rsque
518 3457 557 3518 et
578 3438 729 3517 firmius
750 3436 771 3517 ὲ
791 3439 951 3518 nomine
971 3439 1093 3548 quim
1111 3439 1133 3520 ὲ
1154 3471 1225 3522 no-

70 3553 220 3631 tatione
239 3570 519 3659 argumentum
541 3551 726 3630 ducitur:
759 3571 803 3630 ut
822 3549 946 3630 homo
966 3554 1033 3646 est,
1060 3582 1154 3661 ergo
1174 3586 1225 3635 ex

69 3662 223 3758 humo;
254 3663 365 3743 focus
385 3662 454 3756 est,
476 3691 570 3771 ergo
590 3662 712 3742 fovet.
772 3665 828 3742 At
849 3691 926 3743 non
948 3666 1085 3744 eadem
1105 3669 1145 3744 vi
1164 3696 1225 3746 ar-

69 3794 312 3885 gumentum
331 3772 353 3854 ὲ
374 3776 571 3855 notatione
591 3776 822 3870 deducitur;
848 3804 898 3854 ex
915 3775 1040 3859 humo
1060 3779 1129 3874 est,
1150 3779 1225 3861 ho-

71 3918 141 3970 mo
162 3889 308 3997 igitur3
331 3887 439 3969 fovet
457 3890 606 3982 omnia,
622 3916 717 3997 ergo
737 3887 847 3968 focus
867 3887 936 3967 est.
