2956 4980
162 261 241 343 232
393 227 555 322 Literae
583 232 775 323 Senatus
801 221 1072 356 Angiicani.

155 394 238 501 juri
268 397 462 478 Gentium
490 420 529 480 et
554 403 786 482 commercii
809 420 849 482 et
873 401 1072 493 amicitiae,
1099 425 1188 506 quae
1216 397 1319 476 inter

162 508 316 615 Anglos
347 530 386 588 et
416 513 448 590 F
451 512 604 594 landros
636 513 706 607 est,
738 514 980 594 contrarium
1010 513 1100 604 effe,
1133 529 1179 590 ut
1208 511 1319 588 navis

163 619 293 727 aliqua
322 621 544 729 Ostendenfh
567 653 707 705 navem
727 626 901 733 aliquam
921 625 1125 732 Anglican
1144 641 1318 730 caperet,

165 731 375 839 siquidem
396 737 592 818 mercibus
616 739 790 845 Anglicis
813 736 951 819 onusta
974 735 1158 843 Anglrirm
1185 752 1320 843 petat;

164 872 327 951 quaeque
357 849 405 926 ab
435 847 504 928 illo
532 848 719 930 Praefedio
748 851 789 929 in
820 869 955 929 nautas
986 848 1168 954 Anglicos
1196 843 1318 924 inhu-

165 959 333 1037 maniter
362 987 406 1037 ac
431 959 590 1042 barbare
621 961 824 1042 commissa
853 961 941 1042 sunt
968 988 1127 1070 poenam
1153 985 1318 1065 gravem

164 1070 321 1147 mereri.
383 1073 585 1153 Concilium
622 1076 754 1181 itaque
787 1072 889 1153 hanc
923 1102 1009 1154 rem
1043 1070 1319 1178 Amplitudini

164 1179 294 1258 vessrae
318 1186 583 1279 commendat,
611 1189 788 1295 petitque
820 1204 864 1265 ut
887 1184 936 1264 de
960 1213 1005 1265 ea
1027 1184 1069 1263 in
1095 1181 1319 1263 Flandrhem

165 1289 328 1372 scribere
350 1295 491 1389 velitis,
508 1325 676 1405 eamque
695 1325 857 1407 operam
876 1297 1006 1405 primo
1028 1323 1188 1404 quoque
1214 1312 1317 1374 tem·

165 1429 260 1510 pore
281 1404 370 1484 dare
387 1425 495 1487 utne
515 1407 592 1490 hoc
612 1411 818 1517 negotium
830 1406 979 1489 diutiirs
995 1405 1239 1500 extrahatur,
1254 1405 1316 1485 sed

165 1517 224 1595 uti
243 1543 288 1594 ea
302 1516 451 1622 justitia
466 1518 547 1615 fiat,
561 1544 605 1601 ut
621 1522 800 1630 praeditia
817 1522 923 1601 navis
940 1538 981 1601 et
998 1519 1114 1612 bona,
1130 1516 1316 1598 unicum

164 1625 333 1721 damnis,
355 1629 573 1740 sumptibus
592 1654 633 1712 et
651 1631 800 1714 soenore
819 1661 905 1740 quae
924 1630 1050 1739 Angli
1070 1631 1131 1711 isti
1153 1648 1318 1741 propter

166 1738 276 1818 illam
297 1739 479 1845 injustam
494 1745 822 1855 interceptionem
842 1745 1104 1824 sustinuerunt
1118 1740 1316 1822 Authori-

167 1868 243 1930 tate
262 1852 391 1931 Curiae
412 1858 617 1937 maritima
637 1857 852 1964 Brugenſss,
872 1875 940 1938 aut
964 1857 1041 1937 alio
1064 1854 1188 1935 modo
1211 1854 1316 1936 bono

167 1962 214 2041 iis
244 1962 465 2060 reddantur,
494 1989 616 2076 utque
639 1989 797 2049 curetur
822 1996 950 2077 nequa
978 1967 1170 2075 ejusmodi
1196 1967 1317 2046 inter·

165 2075 296 2182 ceptio
316 2075 500 2186 deinceps
517 2080 597 2174 fiat,
617 2083 715 2188 quin
735 2082 908 2161 amicitia
928 2109 1014 2189 quae
1029 2078 1167 2158 nostris
1182 2076 1314 2159 homi·

165 2186 280 2265 nibus
307 2214 401 2267 cum
436 2192 614 2274 Flandris
645 2194 852 2275 intercedit
882 2194 960 2273 fine
991 2192 1072 2274 ulla
1104 2190 1315 2271 violatione

165 2298 424 2380 conservetur.

281 2412 522 2522 Obstgnatam
541 2416 679 2497 nomine
703 2435 740 2497 et
753 2415 858 2526 juffie
879 2413 1038 2497 Consilii
1054 2416 1191 2495 Status
1210 2415 1316 2493 Par-

501 2529 651 2608 lamenti
667 2530 899 2610 authoritate
916 2526 1114 2637 constituti.

560 2915 780 2995 Marchioni
795 2913 924 2995 Ledae.

252 3070 509 3152 Illustriffime
530 3075 732 3166 Domine;

274 3197 401 3275 Raves
431 3198 480 3277 ad
511 3226 580 3279 nos
611 3199 734 3279 allatae
764 3198 852 3277 sunt
884 3199 1065 3305 querelae,
1092 3193 1115 3276 ri
1145 3196 1321 3305 Philppo

300 3309 444 3402 Noe‘llo,
466 3330 505 3389 et
529 3310 678 3419 Jaanni
700 3310 866 3403 Godallo,
886 3330 926 3389 et
950 3312 1141 3390 Societate
1167 3337 1321 3388 merca-

169 3433 299 3496 torum
328 3422 548 3528 Fayenstum,
579 3423 627 3502 de
652 3451 749 3503 nave
777 3423 947 3531 quadam
968 3422 1047 3515 sua,
1076 3423 1143 3501 cui
1171 3449 1320 3500 nomen

169 3532 287 3609 Anna
307 3533 485 3640 Fayerfis,
505 3563 591 3641 quae
610 3564 705 3615 cum
725 3534 816 3615 effer
837 3536 963 3615 Navis
978 3535 1164 3642 Anglica,
1177 3532 1228 3611 ab
1244 3533 1322 3612 illis

169 3639 365 3736 instructa,
398 3667 437 3725 et
466 3647 640 3755 ipsorum
664 3647 914 3728 solummodo
939 3647 1138 3727 mercibus
1164 3644 1319 3737 onusta,

169 3754 325 3834 circiter
338 3755 480 3837 festum
498 3760 700 3840 Michaelis
715 3760 952 3867 Archangeli
967 3760 1015 3839 ad
1032 3778 1194 3868 portum
1209 3758 1323 3837 suum

170 3867 454 3976 renavigans,h
480 3899 575 3951 nave
596 3873 823 3982 praesrdiaria
844 3901 930 3980 quae
950 3873 999 3952 ad
1022 3868 1217 3980 Ostendam
1232 3898 1325 3980 per-

171 3979 331 4073 tinebat,
366 3982 476 4087 cujus
504 4004 586 4064 erat
617 3984 825 4065 Praefedtus
851 3983 1030 4091 Erasmus
1056 3985 1244 4076 Bruerus‚
1274 3983 1324 4061 de

169 4087 382 4198 improviso
402 4115 516 4202 capta
535 4095 624 4177 fuit.
685 4099 932 4178 Nuntiatum
955 4095 1073 4205 porrb
1096 4094 1166 4188 est,
1191 4094 1323 4203 Osten-

168 4201 301 4309 denses,
322 4233 416 4285 cum
436 4209 477 4285 in
497 4207 563 4286 sua
583 4210 771 4316 potestate
788 4210 896 4289 navis
910 4207 1016 4301 esset,
1033 4227 1170 4288 nautas
1185 4202 1327 4285 ornnes

169 4316 288 4397 nimis
309 4315 577 4400 inhumaniter
598 4323 784 4417 tractasse,
806 4321 965 4401 accenso
985 4320 1080 4401 fune
1099 4320 1237 4428 digitis
1256 4319 1326 4397 ad-

168 4448 293 4522 moto,
328 4452 367 4509 et
396 4435 503 4512 navis
536 4433 767 4540 magistrum
797 4435 910 4514 undis
942 4432 1184 4526 immerfiffe,
1209 4448 1329 4538 atque
