2956 4980
163 252 216 354 48
442 348 448 357 .
568 233 693 327 Artis
720 233 904 362 Logicae
1107 227 1216 325 Lib.
1250 271 1282 324 r.

170 411 254 519 Yop.
272 427 311 488 et
330 408 448 487 Galen
468 409 515 488 de
536 409 627 515 Opt.
646 404 758 485 scota.
819 401 975 484 Verbm
993 404 1164 498 adversa,
1187 424 1231 484 ut
1247 405 1315 484 do·

162 539 226 601 cet
252 521 360 600 idem
380 520 539 629 Arssot.
560 546 647 627 cap.
670 518 717 597 de
739 517 973 611 Contrariis,
1003 544 1084 597 non
1111 519 1154 597 in
1179 516 1314 597 eodem

163 629 291 713 solium
316 660 460 741 genere
486 631 706 740 plurimum
730 627 932 722 differunt,
956 646 1002 709 ut
1029 628 1169 710 album
1193 646 1234 710 ct
1259 629 1316 707 ni-

163 770 297 853 grum,
312 746 574 824 verumetiam
595 744 635 821 in
652 742 869 835 contrariis,
886 761 930 821 ut
942 741 1093 847 justitia
1108 760 1149 820 et
1168 740 1316 847 injusti·

164 860 240 953 tia;
267 857 331 936 vel
355 856 435 965 ipsa
463 883 621 963 genera,
647 872 690 934 ut
710 854 861 932 bonum
880 871 921 933 et
945 854 1113 947 malum,
1136 854 1261 935 virtus
1279 870 1316 931 et

162 971 320 1049 vitium.
382 968 493 1076 Qid
514 968 621 1076 quod
641 967 682 1045 in
702 966 843 1045 eodem
861 992 1004 1073 genere
1018 964 1194 1059 differre,
1207 992 1315 1044 com·

162 1108 283 1161 mune
300 1079 455 1160 videtur
471 1080 634 1158 adversrs
654 1105 748 1157 cum
768 1077 924 1157 relatis:
947 1106 1019 1187 pro
1034 1076 1179 1159 eodem
1198 1078 1315 1185 igitur

162 1221 320 1301 genere,
341 1193 483 1271 tostius
503 1193 543 1270 in
563 1191 791 1271 definitione
811 1190 973 1299 ponitur
986 1190 1010 1270 l
1023 1190 1186 1299 regione,
1201 1206 1315 1299 prout

165 1304 293 1386 Cicero
313 1305 601 1413 interpretatur.
838 1318 842 1325 '

219 1439 342 1520 Nulla
346 1439 458 1545 salus
476 1436 586 1529 bella·
602 1453 730 1546 pacem
748 1434 974 1544 tepescimus
991 1464 1153 1629 olngnend

1062 1576 1125 1627 ner
1157 1608 1168 1627 .
1193 1574 1258 1629 11.

163 1686 340 1766 Libertas
361 1705 400 1767 et
419 1685 579 1764 servitus
597 1685 702 1793 apud
724 1680 925 1779 sibullam,
946 1687 973 1764 l.
993 1710 1032 1765 2.

220 1823 284 1903 Sic
302 1821 601 1929 milzistrvitium
619 1820 736 1916 video,
757 1819 1004 1931 dominamque
1015 1840 1202 1931 paratam
1211 1852 1227 1915 ,⁰

225 1936 279 2015 Tu
297 1934 389 2014 milri
404 1934 558 2013 libertas
577 1933 644 2013 illa
656 1951 822 2043 paterna
836 1933 909 2013 val
925 1993 935 2011 .

220 2078 285 2165 Sic
312 2083 520 2164 consilium
548 2100 589 2162 et
618 2083 746 2178 casus;
778 2110 851 2192 pro
879 2084 1093 2165 Marcella:
1129 2113 1314 2196 nunquan

161 2196 254 2276 enim
272 2196 461 2276 temeritas
478 2193 757 2305 cumsapientia
776 2194 1037 2302 commffcetar,
1053 2226 1119 2277 nec
1134 2196 1190 2278 ad
1203 2200 1314 2305 canſs-

161 2309 250 2389 lium
270 2308 373 2416 castas
390 2307 621 2388 admittitur.
662 2310 716 2387 Et
732 2308 868 2387 Parad.
890 2334 925 2385 1.
939 2326 1074 2389 contra
1086 2310 1314 2418 Epicureos:

160 2420 259 2500 illud
272 2440 394 2501 tamen
413 2420 520 2500 arete
538 2437 663 2500 tenent
680 2419 929 2529 accuratique
947 2418 1161 2528 defendunt,
1182 2424 1315 2532 volup·

160 2550 276 2613 tatem
294 2532 548 2641 effestarnmum
563 2530 692 2612 bonum
705 2563 719 2610 .·
740 2561 823 2641 quae
841 2529 982 2641 qata'em
1004 2533 1098 2613 nn'hi
1111 2562 1188 2614 vox
1198 2552 1316 2643 pecu·

160 2642 246 2724 dam
259 2643 424 2737 videtur,
438 2644 713 2737 nonhominam,
727 2648 801 2723 διο.
839 2643 1039 2723 Pecudem
1054 2663 1094 2725 et
1105 2643 1315 2728 hominem

162 2756 315 2836 adversa
328 2756 456 2835 Cicero
468 2755 674 2864 opposuit:
696 2756 875 2865 voluptas
895 2756 1056 2864 pecudis
1075 2758 1230 2839 bonum
1246 2761 1315 2856 cst,

161 2895 239 2948 non
270 2868 392 2976 igitur
421 2865 607 2947 hominis.
672 2867 776 2947 Usus
805 2869 913 2947 enim
943 2867 1059 2975 hujus
1088 2874 1315 2978 argumenti

161 3007 239 3060 non
260 2981 302 3058 in
319 2979 572 3087 qualitatibus
587 2980 791 3071 duntaxat,
809 2997 854 3058 ut
868 2978 990 3086 vulgb
1005 3000 1161 3089 putant,
1175 2981 1315 3065 veriam

161 3093 203 3172 in
220 3091 450 3185 substantiis,
464 3093 584 3171 etiam
604 3112 643 3171 et
662 3090 959 3200 quantitatibus,
979 3093 1107 3172 immo
1126 3096 1314 3177 omnibus

160 3206 203 3282 in
220 3202 334 3282 rebus
347 3204 538 3283 versatur:
561 3204 601 3282 id
618 3202 889 3311 quodArssot.
904 3231 981 3283 non
998 3204 1204 3300 diffitetur,
1218 3204 1315 3289 ciam

161 3316 216 3395 ait
229 3314 333 3394 Phil.
347 3345 387 3395 x.
405 3341 443 3421 3.
467 3315 672 3396 Contraria
683 3317 793 3395 etiam
808 3314 862 3395 ad
870 3316 1015 3424 primas
1027 3318 1123 3397 entis
1135 3315 1316 3428 dffren·

160 3427 236 3507 tias
254 3425 419 3533 rassrri:
449 3445 489 3506 et
508 3425 659 3522 rursus;
690 3427 728 3506 in
747 3426 845 3506 orani
857 3456 992 3534 genere
1009 3430 1316 3514 contrarietatem

160 3538 237 3647 affe.
283 3539 546 3619 Contrarietas
565 3539 706 3618 deinde
725 3558 1004 3646 argumentum
1023 3540 1097 3622 effe
1111 3542 1313 3651 Logicum

160 3650 208 3729 ab
229 3650 412 3730 omnibus
431 3650 679 3759 agnoscitur:
707 3648 807 3729 nihil
832 3678 927 3758 ergo
951 3651 1076 3732 obstat
1097 3657 1314 3760 quominus

161 3763 209 3841 ad
228 3763 372 3870 quaevis
392 3791 526 3843 rerum
544 3789 689 3869 genera
713 3763 917 3871 pertineat.
979 3765 1174 3876 Qaedam
1196 3768 1313 3849 deni-

160 3901 237 3981 que
258 3871 393 3954 formae
412 3874 474 3953 vel
495 3871 670 3954 maxime
691 3873 906 3954 substantiae
926 3874 1036 3955 sunt:
1068 3874 1215 3960 formas
1240 3910 1313 3962 au·

161 4005 244 4065 tem
263 3985 458 4095 specificas
472 4013 609 4065 omnes
630 3985 698 4064 fibi
719 3986 890 4066 invicem
910 3987 1084 4069 adversas
1102 3989 1192 4085 effe,
1205 3994 1313 4101 apud

159 4125 297 4177 omnes
316 4098 622 4207 receptiffimum
641 4098 722 4177 est:
752 4099 880 4177 immo
899 4097 992 4179 verb
1012 4100 1138 4207 major
1155 4104 1314 4186 videtur

158 4209 232 4289 esse
249 4208 467 4289 formarum
487 4210 736 4290 contrarietas
757 4207 878 4318 quam
897 4212 1155 4318 qualitatum3
1180 4218 1314 4324 quali-

159 4340 255 4403 tates
286 4323 395 4402 enim
432 4322 677 4401 commisceri
713 4319 827 4402 facile
868 4323 1037 4431 possunt,
1072 4323 1210 4408 sormae
1244 4332 1312 4410 vix

158 4463 347 4543 unquam.
409 4434 530 4543 Qod
551 4461 645 4540 ergo
665 4435 771 4514 idem
786 4436 944 4542 Arssot.
958 4436 1053 4516 alibi
1072 4438 1202 4536 docet,
1220 4440 1311 4524 sub·
