2956 4980
344 233 506 328 Literae
531 226 724 325 Oliverii
749 227 1058 328 Protedtoris.=
1187 274 1209 328 2
1216 273 1238 356 ς
1245 276 1267 356 3

140 394 181 475 el
200 394 380 478 nostrfim
400 397 530 507 potius
550 397 734 477 omnium
753 395 970 502 conjunctis
985 395 1181 505 precibus,
1203 426 1274 480 ex·

141 528 277 588 ratum
297 511 346 589 iri
367 511 595 619 Principem
619 508 912 588 Sereniffimum
937 510 1124 618 quodque
1149 513 1197 591 ab
1226 540 1273 592 eo

140 641 229 701 anto
250 650 368 731 opere
389 624 616 731 petivimus,
637 619 752 700 facile
771 620 1042 700 concessurum
1061 622 1274 730 speramus.

143 736 189 812 in
210 734 269 812 illi
286 736 327 812 in
348 754 524 814 mentem
541 729 648 813 secirs
662 734 825 824 venerit,
839 735 1134 813 communicare
1148 735 1277 816 vobis-

140 873 214 925 um
245 846 404 927 confilia
433 848 558 955 parati
583 845 730 939 sumus,
755 872 832 951 qua
857 845 1101 953 potiffimum
1126 849 1275 927 ratione

140 957 320 1068 ppreffos
351 978 410 1038 tot
436 958 587 1064 injuriis
611 977 728 1063 atque
755 976 913 1036 vexatos
944 958 1278 1039 innocentissimos

140 1071 320 1162 tornines,
341 1069 528 1178 nobisque
543 1067 783 1149 chariffimos
800 1069 840 1146 in
858 1069 1002 1176 Chrsso
1018 1069 1169 1165 fratres,
1188 1071 1280 1151 sub·

140 1210 252 1261 evare
273 1200 389 1289 atque
409 1185 575 1288 erigere,
600 1200 640 1261 et
665 1181 713 1260 ab
741 1180 901 1260 interitu
925 1182 1136 1263 certiffimo
1160 1203 1278 1291 atque

140 1294 394 1400 ndigniffimo
413 1294 637 1375 conservare
659 1292 858 1401 poffimus.
907 1297 1094 1404 Qorum
1113 1294 1279 1375 salutem

140 1425 243 1513 ‚tque
268 1406 585 1485 incolumitatem
609 1433 681 1513 pro
705 1403 828 1483 vestra
851 1405 997 1514 pietate
1020 1407 1132 1486 vobis
1157 1435 1280 1514 quam

140 1519 302 1597 naxime
323 1518 432 1597 cordi
449 1517 522 1598 elie
542 1516 725 1598 confido:
757 1518 847 1622 Ego
867 1545 956 1596 eam
974 1536 1079 1597 certe
1102 1519 1166 1598 vel
1190 1546 1281 1627 gra-

140 1630 287 1709 'iffimis
309 1632 409 1710 meis
432 1628 661 1722 rationibus,
682 1627 809 1707 immb
833 1630 1098 1710 incolumitati
1121 1631 1281 1740 proprii

140 1743 326 1823 >otiorem
343 1739 565 1822 habendam
584 1740 659 1820 esse
678 1740 919 1820 existimem.
979 1741 1132 1822 Valete.

1098 1855 1148 1934 Ο.
1170 1856 1223 1935 Ρ.

215 1951 538 2074 Westmanasieriass
587 1967 685 2074 May
711 1990 775 2068 19,
803 1965 922 2072 1655.

194 2154 198 2165 '
272 2137 527 2248 Superscript.

140 2247 340 2358 illustribus
354 2269 465 2359 atque
478 2247 696 2358 ampltffimis
711 2249 896 2344 Dominis,
918 2250 1198 2331 Helveticarum

189 2364 382 2469 Pagarum
397 2360 687 2471 Pratastantium
706 2377 743 2439 et
765 2360 1110 2470 Catffoederatarum
1132 2364 1200 2443 Ci-
1255 2378 1258 2387 '

186 2473 351 2555 vitatum
373 2472 589 2580 Constrlibus
606 2502 653 2552 ac
672 2473 924 2568 Senatoribus,
945 2475 1135 2555 Salutem.

231 2820 451 2927 Serenffmo
464 2820 768 2930 pateatiffimoque
788 2821 966 2932 Principi
981 2822 1186 2901 Ludovico

575 2933 712 3012 Gallice
731 2933 841 3040 Regi.

219 3081 465 3161 Sereniffime
487 3081 835 3190 Potentiffimeque
856 3083 962 3176 Rex,

228 3194 266 3271 X
287 3195 430 3273 Literis
451 3192 667 3299 Majestatis
685 3193 843 3286 Vestrae,
863 3194 1005 3302 quibus
1025 3192 1091 3272 illa
1110 3192 1158 3271 ad
1180 3220 1288 3274 meas
1375 3262 1379 3269 .

254 3305 379 3414 quinta
404 3322 441 3385 et
459 3304 626 3411 vigastma
646 3305 753 3384 Maii
769 3308 943 3413 proximi
965 3305 1073 3385 datas
1097 3304 1288 3399 rescribit,

140 3411 248 3493 facile
266 3415 460 3524 intelligo,
475 3444 723 3524 nequaquam
743 3415 920 3497 fefellisse
936 3445 1001 3496 me
1021 3445 1109 3496 eam
1130 3418 1287 3525 opinio-

140 3551 243 3619 nem,
277 3529 357 3635 qud
376 3527 478 3607 mihi
498 3528 661 3636 quidem
685 3528 908 3637 persuasum
931 3547 1026 3623 erat,
1054 3529 1175 3609 caedes
1203 3529 1289 3609 illas

140 3637 445 3733 immanissimas,
466 3640 751 3748 barbaramque
779 3669 918 3721 eorum
948 3640 1161 3721 hominum
1193 3641 1289 3720 stra-

140 3775 245 3856 gem,
266 3753 336 3858 qui
358 3753 613 3858 Religionem
630 3750 905 3832 Reformatam
925 3754 964 3831 in
987 3751 1177 3833 Sabaudia
1196 3779 1289 3860 pro·

140 3859 831 3970 fitentur,alcohortibusquibusdam
843 3865 975 3944 vestris
988 3863 1146 3956 factam,
1160 3890 1288 3971 neque

140 3972 237 4078 juffu
262 3974 388 4054 vestro
419 4003 547 4083 neque
578 3977 762 4055 mandato
789 3975 978 4056 accidille.
1039 3981 1141 4079 Qrae
1164 4002 1290 4083 quan-

140 4104 226 4164 tum
240 4085 440 4191 Majestati
459 4086 590 4167 vestrae
608 4086 863 4195 displicuerit,
880 4088 920 4168 id
941 4115 1008 4167 vos
1027 4087 1161 4167 vestris
1182 4087 1290 4166 mili-

140 4214 226 4277 tum
238 4199 445 4296 Tribunis,
458 4201 527 4306 qui
541 4197 626 4278 haec
639 4219 721 4278 tam
736 4198 952 4279 inhumana
964 4199 1031 4279 suo
1045 4199 1124 4278 solo
1137 4201 1290 4305 impetu

140 4308 266 4416 injuffi
287 4329 618 4420 perpetraverant,
646 4311 701 4390 ita
720 4310 871 4391 mature
893 4310 1131 4418 significaffe,
1162 4308 1290 4415 deque

140 4439 246 4501 tanta
274 4422 505 4503 crudelitate
526 4425 673 4504 Ducem
700 4422 830 4532 ipsum
858 4423 1056 4504 Sabaudiae
1085 4418 1290 4513 monuiffe,
