2956 4980
447 223 738 324 Prolufiones
763 234 1001 326 Oratoriae.
1230 278 1311 357 433

161 402 346 495 haereseur
364 415 414 482 ex
435 404 522 512 lege
540 405 722 483 omnium
749 405 1192 512 sapientiumaudacter
1222 410 1314 489 scri-

160 517 268 597 bere.
319 517 515 626 Qinimo
531 516 625 601 alibi
641 517 755 624 plane
769 516 853 596 vult
867 521 1128 625 quantitatem
1143 525 1314 602 materiae

160 631 300 736 primae
332 630 627 738 proprietatem,
659 629 767 736 quod
796 627 902 708 idem
933 630 1099 711 afferunt
1132 634 1313 742 plerique

160 740 243 846 ejus
263 740 488 833 sectatores3
514 740 720 849 proprium
741 759 872 819 autem
892 738 914 820 al
933 741 1001 821 suo
1018 742 1187 849 subjeoo
1206 747 1313 825 avel-

160 853 311 933 lentem
333 854 421 960 quis
446 850 545 931 serat
567 852 651 959 ipssa
676 851 738 930 vel
765 853 909 933 edititii
925 853 1070 957 judicis
1097 855 1309 937 sententia:

160 967 314 1044 Verum
335 992 423 1072 age,
443 966 667 1043 comminus
687 991 862 1071 agamus,
888 986 927 1044 et
950 968 1057 1073 quod
1077 966 1231 1050 suadeat
1251 999 1311 1049 ra·

162 1079 220 1157 tio
243 1077 545 1186 perpendamus.
605 1075 775 1156 Assertio
803 1077 935 1184 itaque
965 1078 1152 1187 probatur
1181 1082 1312 1189 primo

158 1187 271 1282 hinc,
292 1188 397 1297 quod
418 1189 582 1266 materia
601 1184 719 1266 habet
740 1191 938 1296 propriam
955 1192 1160 1271 entitatem
1180 1196 1312 1272 adlua-

159 1302 242 1380 lem
262 1329 312 1380 ex
332 1300 398 1379 sud
418 1300 576 1408 propria
596 1299 814 1391 existentia,
844 1328 938 1406 ergo
958 1302 1084 1409 potest
1104 1303 1310 1383 sustentare

159 1414 438 1521 quantitatem,
465 1439 552 1491 eam
584 1409 720 1490 saltem
753 1439 838 1519 quae
869 1413 1013 1493 dicitur
1044 1415 1307 1494 interminata.

160 1526 301 1634 Qidr
330 1525 437 1632 quod
457 1523 637 1602 nonnulli
659 1521 899 1602 confidenter
922 1524 1117 1606 affirment
1140 1524 1311 1606 sormam

161 1665 243 1717 non
263 1636 333 1715 nifi
354 1635 553 1715 mediante
569 1637 786 1744 quantitate
807 1636 848 1713 in
868 1639 1074 1716 materiam
1092 1640 1228 1748 recipi,
1242 1641 1311 1718 Se-

157 1748 305 1842 cundo,
327 1750 368 1827 Si
387 1748 565 1827 accidens
585 1748 864 1856 corrumpitur,
883 1747 1028 1827 necesse
1049 1747 1166 1829 habet
1186 1749 1310 1830 uthis

160 1879 316 1940 tantum
336 1861 464 1939 modis
489 1877 776 1967 corrumpatur,
801 1859 862 1937 vel
886 1887 955 1967 per
978 1861 1310 1942 introductionem

158 1973 361 2066 contrarii,
382 1973 445 2052 vel
465 1999 534 2080 per
552 1970 781 2050 defitionem
803 1973 976 2064 termini,
1001 1972 1063 2051 vel
1087 2002 1157 2082 per
1174 1973 1310 2054 absen-

160 2087 258 2165 tiam
278 2085 436 2165 alterius
459 2083 579 2162 causae
602 2083 873 2176 conservantis,
889 2083 952 2162 vel
975 2083 1144 2193 denique
1167 2114 1217 2164 ex
1241 2088 1311 2165 de·

158 2195 268 2276 festu
283 2197 435 2305 proprii
451 2194 608 2301 subjecti
621 2196 686 2274 cui
704 2193 886 2274 inhaereat
902 2196 1023 2303 priori
1040 2197 1159 2276 modo
1174 2200 1312 2304 nequit

158 2311 364 2417 corrumpi
379 2309 588 2417 quantitas,
609 2306 862 2415 posteaquam
882 2309 1121 2387 contrarium
1141 2336 1217 2387 non
1238 2307 1310 2388 ha-

158 2420 274 2515 beat3
302 2440 341 2500 et
360 2421 612 2529 quantumvis
641 2417 781 2497 habeat
803 2418 968 2526 qualitas
997 2417 1063 2498 hic
1090 2439 1220 2499 tamen
1248 2422 1310 2499 in-

160 2533 314 2613 troduci
335 2560 414 2612 non
433 2532 489 2611 est
504 2531 804 2640 supponendum
821 2559 831 2608 z
851 2530 1050 2610 Secundus
1070 2532 1210 2612 modus
1231 2529 1310 2612 huc
1384 2567 1387 2573 ·

159 2671 239 2723 non
261 2644 418 2753 spectat,
439 2662 576 2753 utpote
596 2644 666 2751 qui
687 2642 731 2722 fit
752 2642 962 2722 relatorum
981 2647 1186 2753 proprius;
1219 2646 1261 2724 N
1265 2673 1310 2724 ec

158 2784 232 2866 per
249 2756 461 2838 absentiam
481 2756 602 2835 causae
617 2754 888 2847 conservantis,
910 2783 954 2834 ea
973 2757 1097 2849 enim,
1114 2784 1234 2864 quam
1254 2757 1310 2835 as-

158 2869 314 2976 fignant
330 2868 548 2961 adversarii,
565 2868 621 2947 est
640 2864 790 2960 forma;
812 2868 1025 2946 accidentia
1042 2866 1213 2946 autema
1229 2867 1309 2946 for-

159 3009 228 3060 ma
259 2982 427 3089 pendere
460 2980 738 3088 concipiuntur
772 2977 968 3071 bifariam,
1003 2979 1065 3057 vel
1096 2980 1136 3057 in
1166 3007 1308 3085 genere

158 3091 281 3173 causae
294 3092 483 3185 formalis,
499 3109 568 3170 aut
582 3090 809 3182 efficientis;
831 3092 938 3199 prior
952 3090 1211 3200 dependentia
1230 3117 1309 3169 non

159 3204 219 3284 est
232 3206 475 3297 immediata,
490 3202 617 3283 forma
632 3204 740 3281 enim
755 3201 1011 3281 substantialis
1027 3230 1105 3281 nou
1123 3200 1310 3282 informat

159 3317 391 3410 accidentia,
413 3344 540 3424 neque
560 3315 729 3421 intelligi
755 3312 881 3422 potest
899 3313 1005 3421 quod
1032 3314 1138 3392 aliud
1166 3341 1309 3393 munus

159 3449 342 3509 exerceat
359 3431 462 3509 circa
482 3456 527 3507 ea
552 3430 593 3506 in
618 3424 695 3505 hoc
714 3453 857 3533 genere
880 3424 1006 3518 causa,
1032 3426 1200 3534 ideoque
1221 3445 1308 3506 tan-

160 3541 371 3621 tummodo
386 3542 556 3620 mediata
576 3538 645 3631 est,
667 3538 857 3616 nimirum
877 3537 917 3616 in
934 3556 1128 3645 quantum
1148 3539 1310 3617 materia

159 3654 356 3763 dependet
373 3681 396 3731 a
414 3651 555 3743 forma,
571 3669 612 3729 et
629 3649 711 3728 haec
725 3649 909 3759 deinceps
925 3647 946 3728 i
961 3651 1146 3743 materia;
1169 3651 1309 3730 modus

160 3765 429 3873 dependentiae
450 3763 637 3873 posterior
657 3761 771 3840 estin
790 3790 932 3869 genere
952 3761 1072 3840 causae
1091 3762 1308 3851 efficientis,

158 3875 182 3955 ir
202 3875 330 3957 forma
350 3897 481 3958 tamen
502 3904 550 3954 an
566 3873 780 3953 accidentia
795 3874 990 3981 pendeant
1010 3875 1049 3951 in
1070 3870 1145 3951 hoc
1165 3899 1308 3979 genere

160 3987 300 4082 ne'cne,
319 3990 358 4068 in
379 3987 567 4094 ambiguo
587 4014 646 4065 res
666 3986 744 4065 est:
775 3982 839 4062 sed
862 4003 904 4063 ut
923 3985 1114 4063 donemus
1141 3987 1196 4064 ita
1218 3983 1307 4077 esse,

161 4129 242 4180 non
266 4099 438 4209 sequitur
466 4100 610 4191 tamen,
637 4098 873 4205 depereunte
899 4095 1026 4174 sormi
1047 4096 1163 4201 juxta
1188 4097 1308 4175 etiam

161 4215 289 4323 perire
309 4213 537 4303 accidentia,
551 4230 756 4318 propterea
772 4210 878 4314 quod
893 4207 1012 4287 causae
1024 4208 1082 4286 illi
1097 4208 1308 4298 recedenti,

160 4324 334 4405 succedit
360 4324 381 4404 ὲ
404 4324 567 4430 vestigio
594 4324 669 4400 alia
696 4321 832 4400 similis
858 4321 1021 4400 omnino
1046 4319 1236 4399 sufficiens
1261 4319 1309 4397 ad

160 4437 468 4518 conservandum
491 4435 662 4514 eundem
684 4462 849 4514 numero
872 4433 1059 4512 effedum
1083 4433 1224 4540 absque
1250 4433 1309 4510 in-

222 4576 244 4656 5
699 4571 720 4622 r
744 4571 766 4623 r
