2956 4980
384 125 548 220 Literae
573 118 766 216 Oliverii
791 117 1081 215 Protectoris.
1227 129 1302 210 281

183 570 386 650 Oliverius
408 573 607 651 Protebior
626 570 734 679 Reip.
757 569 927 676 Angliae‚
948 569 1026 649 ὅθι.
1048 569 1196 679 illustri
1228 598 1282 649 mo

353 757 356 761 .
400 682 559 763 Domino
580 682 735 761 Comiti
756 683 932 774 Miran0,
954 683 993 760 S.
1012 683 1069 763 D.

246 841 504 922 Illustriffime
525 844 725 937 Domine3

162 966 412 1155 Slngulare
432 985 547 1046 tuum
567 995 660 1074 erga
677 996 741 1046 me
759 985 875 1075 atque
892 963 992 1045 hanc
1009 968 1211 1078 Rempub.
1230 968 1311 1050 stu-

253 1078 368 1157 dium
397 1077 503 1158 haud
532 1080 784 1158 mediocriter
818 1106 886 1157 nos
917 1080 1127 1174 demeruit,
1160 1081 1310 1190 tibique

158 1188 362 1270 devinxit.
394 1191 434 1269 id
463 1191 597 1270 vestris
626 1220 677 1270 ex
699 1192 820 1270 literis
847 1215 869 1268 2
876 1216 897 1297 5
925 1189 1046 1297 Junii
1064 1194 1239 1300 proximi
1262 1193 1311 1273 ad

159 1329 225 1380 me
246 1300 398 1411 scriptis
418 1301 533 1381 facile
553 1302 748 1412 perspexi,
770 1323 855 1381 tum
875 1303 995 1381 etiam
1015 1329 1065 1380 ex
1085 1304 1131 1382 iis
1146 1332 1241 1412 quas
1261 1304 1309 1384 ab

161 1415 411 1495 Internuntio
425 1415 554 1493 nostro
567 1414 956 1553 PhiltppoMeadowes
973 1413 1223 1495 conficiendae
1241 1445 1313 1525 pa-

158 1528 216 1606 cis
236 1527 351 1606 causd
371 1528 419 1608 ad
433 1527 641 1656 Luſjtaniae
656 1523 847 1635 Regem
833 1556 853 1606 a
873 1526 985 1606 nobis
1002 1526 1128 1621 mirso,
1150 1557 1283 1607 aecer

157 1638 335 1748 quibus
325 1667 356 1718 rs
376 1640 424 1718 de
444 1641 595 1719 eximio
614 1639 740 1719 vestro
760 1639 887 1718 studio
907 1658 1023 1747 atque
1043 1667 1160 1747 opera
1175 1641 1215 1718 in
1237 1530 1311 1723 iiic

159 1779 257 1860 pace
282 1753 525 1859 transigenda
551 1749 705 1831 abunde
730 1780 800 1831 nos
823 1752 982 1830 docuit:
1013 1748 1129 1856 hujus
1155 1753 1312 1832 noviffi-

158 1890 270 1943 mam
285 1863 524 1943 sanctionem
537 1884 577 1943 et
592 1891 727 1972 accepi
716 1863 967 1943 libentiffim
972 1861 1007 1956 ὲ,
1024 1860 1205 1972 mihique
1221 1894 1313 1974 per-

159 1975 302 2055 suadeo
322 1975 421 2068 fore‚
442 1994 487 2055 ut
510 2004 635 2084 neque
659 1975 842 2055 collatae
831 2004 872 2054 ιιι
895 1974 996 2055 hanc
1021 2003 1160 2085 pacem
1185 2005 1312 2088 operae

161 2106 251 2182 tuae,
274 2115 402 2197 neque
422 2089 462 2166 in
483 2089 629 2195 Anglos
647 2088 941 2182 benevolentiae,
964 2115 1090 2195 neque
1108 2087 1200 2168 fidei
1221 2117 1314 2197 erga

163 2202 322 2307 Regem
355 2199 472 2279 hac
461 2227 502 2278 ιιι
535 2228 576 2280 re
608 2199 783 2310 spectatae
817 2227 992 2309 unquam
1029 2218 1066 2279 te
1099 2202 1310 2310 poeniteat:

159 2313 499 2421 quandoquidem,
521 2333 715 2392 annuente
736 2314 840 2406 De0,
861 2311 1096 2421 sperandum
1120 2311 1189 2406 est,
1211 2311 1312 2394 hanc

161 2452 305 2534 pacem
334 2442 374 2504 et
397 2425 554 2532 utrique
585 2426 694 2531 genti
724 2452 938 2534 permagna
963 2424 1247 2520 emolumenta,
1275 2447 1314 2508 et

161 2536 339 2616 hostibus
378 2537 632 2616 incommoda
670 2535 775 2616 haud
809 2538 954 2644 exigua
984 2536 1058 2615 effe
1092 2538 1312 2618 allaturam.

163 2650 289 2758 Qud
315 2648 440 2728 solum
468 2650 508 2727 in
537 2647 614 2729 hoc
636 2650 797 2757 negotio
824 2650 928 2728 triste
956 2669 1072 2757 atque
1099 2648 1314 2731 infaustum

161 2762 321 2854 accidit,
345 2759 423 2840 fuit
445 2761 545 2841 illud
569 2760 719 2841 facinus
746 2763 787 2840 in
813 2762 1105 2841 Internuntium
1136 2761 1313 2843 nostrum

162 2873 381 2983 Philippum
400 2873 613 2953 Meadowes
632 2872 778 2953 nefarie
804 2873 1024 2984 susceptum
1049 2892 1165 2980 atque
1187 2892 1313 2955 tenta-

162 3006 276 3065 tum:
310 2984 433 3089 Cujus
449 2987 490 3064 in
503 2986 677 3065 occultos
694 2989 867 3066 audores
884 2985 989 3066 haud
1001 2984 1153 3092 segnius
1165 2985 1313 3094 inquiri

161 3101 341 3206 oportuit
360 3126 482 3205 quam
500 3100 541 3177 in
566 3096 790 3178 manifestos
815 3097 964 3177 sceleris
992 3097 1212 3177 ministros:
1244 3126 1313 3178 ne-

161 3237 241 3318 que
272 3211 320 3289 de
350 3211 473 3317 Regis
504 3211 619 3290 vestri
644 3209 794 3315 justitia
824 3239 868 3290 ac
900 3210 1100 3289 severitate
1132 3210 1172 3288 in
1204 3229 1314 3291 tanto

162 3321 305 3401 scelere
330 3323 530 3430 puniendo
556 3350 683 3431 neque
708 3322 756 3400 de
782 3323 847 3401 tud
872 3350 964 3402 cum
991 3321 1130 3431 primis
1155 3322 1315 3404 adeam

163 3460 250 3513 rem
269 3435 403 3543 operi,
423 3453 468 3514 ut
491 3435 561 3542 qui
585 3432 641 3514 fas
667 3435 858 3543 piumque
882 3435 1000 3526 colas,
1020 3453 1060 3513 et
1082 3435 1189 3542 pacis
1212 3435 1315 3517 inter

163 3566 374 3654 utramque
394 3547 595 3626 nationem
609 3545 796 3626 studiosus
810 3544 928 3626 fueris
941 3546 1118 3625 dubitare
1135 3545 1313 3654 poffum.

164 3686 253 3766 quae
271 3660 435 3767 quidem
456 3659 552 3739 stare
571 3659 680 3738 nullo
700 3660 821 3738 modo
845 3659 984 3768 potest,
1006 3658 1032 3737 fi
1059 3657 1160 3737 fana
1183 3655 1250 3766 huj
1255 3659 1317 3739 us-

166 3772 278 3850 modi
303 3769 487 3851 nefaria
475 3772 671 3880 rmpunita
697 3791 815 3878 atque
836 3770 1101 3850 inultaibunt.
1161 3689 1314 3852 Verirm

166 3904 235 3963 tua
268 3880 451 3963 facinoris
482 3883 587 3962 illius
618 3902 710 3962 nota
741 3884 944 3963 detestatio
976 3879 1070 3960 facit
1098 3900 1142 3959 ut
1169 3884 1317 3964 necesse

168 3993 272 4075 mihi
303 4023 382 4074 non
414 3997 459 4075 fit
485 3996 596 4105 plura
627 3997 675 4075 de
703 3993 776 4074 hac
805 4024 846 4075 re
878 3997 918 4075 in
949 3993 1146 4104 praeseutia
1172 3994 1315 4076 dicere.

166 4109 277 4188 Cum
308 4109 441 4216 itaque
464 4108 513 4186 de
543 4107 632 4186 med
658 4135 750 4214 erga
774 4127 811 4186 te
837 4106 1107 4187 benevolentid
1131 4133 1251 4213 quam
1276 4129 1316 4189 et

166 4219 283 4302 rebus
302 4220 488 4300 omnibus
507 4220 770 4299 demonstrare
791 4221 1050 4328 paratissimus
1074 4246 1156 4311 ero,
1176 4219 1318 4300 certio-

168 4362 253 4414 rem
283 4353 321 4413 te
346 4331 526 4426 fecerim,
553 4350 778 4412 extremum
808 4333 905 4412 illud
935 4331 1004 4425 est,
1036 4351 1080 4411 ut
1109 4350 1145 4409 te
1176 4350 1319 4440 tuaque
