2956 4980
480 236 695 373 Epistola
724 236 1004 334 Familiares.
1238 274 1311 357 37¹

159 410 288 520 (quod
307 413 357 493 de
377 413 499 523 seipso
521 409 1017 520 Claudianus)--Totum
1029 411 1181 520 spirent
1201 413 1317 491 Prae-

158 524 286 605 cordia
307 525 502 607 Phoebum.
561 529 699 634 Itaque
720 527 747 604 fi
768 545 835 606 tua
854 524 926 607 tibi
945 523 1026 634 ipse
1053 522 1236 633 promissa
1255 521 1315 601 se-

158 634 321 731 felleris,
355 638 472 718 laudo
503 636 569 719 htc
600 657 709 718 tuam
738 638 863 746 (quod
890 637 962 742 ais)
996 635 1313 729 inconstantiam,

159 748 293 843 laudo,
311 749 418 857 fiqua
437 751 506 845 est,
522 750 845 859 improbitatem
877 777 943 829 me
959 767 1095 828 autem
1114 766 1197 827 tam
1216 775 1314 855 prae-

157 859 254 940 clari
277 863 474 942 Poematis
494 862 687 943 arbitrum
706 859 726 941 a
748 882 785 942 te
806 861 955 942 fastum
975 860 1063 954 esse,
1086 887 1163 939 non
1182 861 1314 939 minus

158 971 323 1078 glorior,
344 993 384 1054 et
403 972 545 1054 honori
572 974 676 1055 mihi
700 975 818 1069 duco,
839 1002 960 1081 quam
981 974 1008 1054 fi
1035 990 1223 1052 certantes
1243 971 1314 1081 ipsi

160 1086 234 1165 Dii
255 1086 402 1166 Musici
423 1088 470 1166 ad
491 1116 628 1167 meum
648 1086 838 1167 venissent
861 1086 1085 1192 judicium3
1117 1083 1223 1192 quod
1245 1082 1313 1163 Ti-

157 1198 247 1276 molo
267 1198 386 1306 Lydii
413 1200 559 1280 montis
579 1202 670 1280 Deo
689 1199 872 1309 populari
902 1199 1001 1279 olim
1021 1194 1224 1304 contigisse
1255 1193 1315 1275 fa-

158 1307 356 1392 bulantur.
417 1311 565 1391 Nescio
603 1312 689 1391 sane
728 1339 778 1391 an
813 1311 978 1391 Henrico
1012 1308 1188 1418 Naffouio
1226 1308 1313 1416 plus

158 1421 333 1527 gratuler
351 1422 400 1501 de
420 1422 515 1503 urbe
535 1443 663 1532 capta,
677 1451 726 1505 an
746 1423 794 1502 de
813 1423 889 1503 tuis
902 1419 1181 1502 Carminibus:
1213 1418 1315 1498 nihil

158 1535 270 1612 enim
285 1534 468 1614 existimo
480 1537 685 1616 victoriam
701 1533 803 1614 hanc
818 1534 1004 1643 peperisse
1019 1532 1222 1612 Poematio
1237 1528 1314 1612 hoc

159 1664 229 1724 tuo
250 1644 451 1740 illustrius,
472 1667 540 1728 aut
560 1647 764 1728 celebrius.
826 1648 888 1726 Te
909 1675 1017 1740 vero,
1037 1671 1132 1724 cum
1152 1642 1312 1833 prospe-

160 1783 223 1835 ros
262 1756 458 1838 sociorum
492 1759 678 1840 successus
714 1777 794 1839 tam
833 1757 968 1838 sonoras
1003 1758 1152 1864 triump
1184 1754 1314 1862 alique

159 1866 255 1947 tuba
278 1896 416 1949 canere
442 1873 659 1964 audiamus,
681 1891 874 1979 quantum
899 1888 1032 1950 vatem
1058 1867 1313 1976 sperabimus,

159 1979 188 2057 fi
209 1978 310 2061 forte
329 2008 389 2061 res
409 1985 544 2064 nostrae
567 1985 730 2064 demum
750 1981 944 2062 feliciores
964 2001 1048 2061 tuas
1060 1977 1204 2070 ,Musas
1225 1977 1314 2089 pos-

157 2110 250 2171 cant
271 2093 567 2176 Gratulatrices.
628 2096 727 2175 Vale
747 2096 806 2174 vir
833 2094 1000 2187 erudite,
1021 2090 1268 2199 summasque
1292 2088 1314 2169 a

159 2231 227 2282 me
261 2202 334 2282 tibi
364 2209 506 2312 gratias
531 2209 768 2287 Carminum
800 2226 959 2286 tuorum
990 2203 1149 2284 nomine
1177 2202 1314 2283 haberi

159 2315 269 2395 scias.

218 2427 397 2521 Londino,
421 2428 524 2510 Maii
547 2456 614 2524 20,
641 2429 761 2509 1628.

627 2845 665 2925 3.
699 2817 840 2897 Etiiem.

164 2989 363 3181 PRiori
392 2991 460 3071 illa
480 2991 655 3100 Epistola
684 2992 773 3071 mes
801 3017 881 3070 non
911 3008 993 3071 tam
1021 2990 1193 3100 rescripsi
1224 2990 1310 3084 tibi,

274 3130 396 3209 quam
417 3102 650 3183 rescribendi
665 3105 768 3183 vices
785 3104 1013 3212 deprecatus
1032 3102 1132 3196 sum,
1149 3102 1312 3182 alteram

161 3212 295 3318 itaque
309 3214 418 3293 brevi
437 3211 657 3296 secuturam
674 3217 789 3295 tacite
809 3215 984 3324 promisi,
1000 3217 1133 3322 inqua
1153 3213 1226 3294 tibi
1245 3243 1311 3294 me

159 3325 390 3405 amiciffime
409 3329 639 3436 provocanti
658 3327 772 3406 latius
791 3329 991 3436 aliquanto
1011 3325 1309 3436 responderem

162 3462 302 3515 verum
335 3456 380 3516 ut
410 3439 452 3518 id
482 3467 562 3518 non
590 3439 708 3519 essem
738 3440 951 3549 pollicitus,
979 3436 1081 3518 hanc
1110 3456 1311 3546 utcunque

161 3545 317 3627 summo
329 3549 419 3654 jure
439 3550 573 3631 deberi
593 3552 665 3630 tibi
685 3549 891 3630 fatendum
906 3550 976 3644 est,
989 3550 1312 3658 quandoquidem

163 3658 330 3765 fingulas
349 3689 425 3768 ego
445 3664 574 3743 literas
596 3682 679 3743 tuas
704 3690 784 3742 non
812 3665 882 3742 nifi
907 3664 1006 3742 meis
1033 3663 1134 3742 binis
1162 3662 1312 3771 pensari

162 3769 269 3878 posse
290 3773 529 3868 existimem,
550 3791 617 3854 aut
637 3775 664 3853 si
691 3775 864 3854 exactius
889 3793 1040 3881 agatur,
1062 3802 1110 3852 ne
1137 3775 1310 3852 centenis

162 3883 328 3989 quidem
349 3885 462 3964 meis.
523 3886 749 3992 Negotium
769 3885 867 3964 illud
893 3886 942 3964 de
968 3913 1049 3992 quo
1073 3884 1201 3992 scripsi
1221 3883 1310 3962 sub·

160 3992 376 4090 obscurius,
394 4024 485 4076 ecce
497 3997 673 4077 Tabellis
694 3997 796 4076 hisce
811 3996 1050 4088 involutum,
1065 3996 1105 4073 in
1121 4022 1201 4101 quo
1220 4023 1311 4102 ego,

160 4130 256 4183 cum
278 4123 343 4185 tua
363 4107 411 4187 ad
432 4136 497 4188 me
516 4111 696 4218 pervenit
707 4107 897 4217 Epistola,
912 4106 1106 4186 distriCtus
1123 4107 1312 4216 temporis

160 4216 352 4323 angustis,
388 4246 534 4326 magno
569 4239 657 4300 tum
690 4221 867 4329 primum
901 4246 1020 4326 opere
1049 4216 1309 4306 desudabam:

162 4340 326 4443 quidam
346 4344 454 4422 enim
475 4344 640 4423 AEdium
664 4343 882 4423 nostrarum
909 4341 1057 4433 Socius,
1079 4341 1149 4446 qui
1171 4342 1312 4420 Comi-

161 4452 225 4532 tiis
265 4450 610 4534 hisAcademicis
649 4455 689 4532 in
723 4453 999 4563 Disputatione
1035 4450 1314 4569 Philosophicsi
