2956 4980
167 235 247 344 380
476 215 689 352 Epistola
718 206 1000 315 Familiares.

56 388 59 395 ’
162 395 350 477 vestiendi
368 422 478 475 more
494 394 711 502 habituque
724 421 860 501 graves
875 397 915 473 in
931 383 1154 504 Republica
1171 413 1319 489 motus,

163 506 476 614 mutationesque
504 506 701 616 portendi,
726 503 913 613 equidem
937 508 1069 617 potius
1096 506 1319 586 collabente

163 622 205 702 in
224 621 368 701 vitium
386 638 505 727 atque
524 645 697 699 errorem
720 618 908 726 loquendi
928 618 1012 712 usu,
1032 618 1217 699 occasum
1235 618 1319 724 ejus

164 734 286 826 urbis,
306 759 469 839 remque
490 729 687 810 humilem
707 749 748 809 et
765 729 970 809 obscuram
987 729 1169 838 subsequi
1188 731 1319 809 credi-

163 846 318 925 derim:
349 842 467 923 verba
485 844 595 922 enim
613 842 760 952 partim
781 841 917 922 inscita
936 862 977 923 et
995 843 1147 951 putida,
1169 843 1318 951 partim

165 955 364 1049 mendosa,
388 973 428 1033 et
454 982 660 1063 perperam
681 953 853 1062 prolata;
883 955 982 1063 quid
1006 955 1076 1033 nisi
1100 955 1265 1061 ignavos
1279 972 1319 1033 et

164 1069 382 1160 oscitantes,
400 1085 440 1145 et
458 1066 506 1146 ad
527 1066 663 1146 servile
679 1067 836 1173 quidvis
856 1065 941 1172 jam
959 1066 1058 1147 olim
1078 1085 1236 1175 paratos
1255 1067 1319 1144 in-

163 1180 341 1260 colarum
358 1180 509 1257 animos
522 1176 628 1257 haud
640 1177 719 1258 levi
735 1178 884 1258 indicio
898 1179 1124 1259 declarant?
1150 1178 1318 1272 Contra,

164 1291 317 1371 nullum
334 1317 511 1398 unquam
525 1290 747 1370 audivimus
761 1291 991 1398 imperium,
1009 1291 1161 1369 nullam
1175 1291 1316 1370 civita-

164 1423 245 1484 tem
266 1430 345 1482 non
365 1402 617 1482 mediocriter
643 1401 779 1482 saltem
799 1401 981 1496 floruiffe,
1000 1403 1195 1510 quamdiu
1216 1404 1316 1481 Lin-

163 1543 251 1623 guae
269 1514 334 1593 sua
354 1517 492 1622 gratia,
508 1512 671 1622 suusque
691 1515 820 1594 cultus
834 1514 1021 1594 constitit.
1080 1515 1147 1593 Tu
1166 1516 1316 1622 itaque,

164 1628 391 1719 Benedicta
409 1624 510 1706 hanc
529 1654 690 1736 operam
708 1625 953 1735 Reipublicae
971 1646 1047 1706 tuae
1062 1653 1203 1706 navare
1216 1655 1316 1734 ymo-

165 1740 217 1819 do
237 1758 281 1819 ut
308 1766 460 1847 pergas,
479 1767 601 1847 quam
628 1736 851 1847 pulchram,
872 1765 1071 1846 quamque
1100 1739 1267 1818 solidam
1295 1736 1316 1818 ὲ

163 1851 315 1930 civibus
336 1853 412 1929 tuis
433 1850 640 1938 necessario
666 1852 834 1958 gratiam
862 1851 1029 1932 initurus
1056 1849 1118 1945 fis,
1137 1852 1203 1931 vel
1221 1848 1316 1930 hinc

165 1961 317 2070 liquido
338 1961 477 2069 spesta.
540 1968 640 2072 Qae
658 1960 681 2041 ὲ
700 1991 765 2041 me
784 1990 832 2041 eo
856 1962 959 2042 dista
983 1962 1085 2056 sunt,
1106 1990 1186 2042 non
1206 1963 1315 2071 quod

164 2102 240 2182 ego
260 2092 298 2154 te
318 2073 537 2180 quidquam
554 2071 698 2152 horum
715 2076 895 2182 ignorare
914 2074 1107 2168 censeam,
1123 2074 1189 2154 sed
1207 2076 1315 2184 quod

165 2185 267 2266 mihi
294 2186 560 2295 persuadeam,
582 2187 622 2263 in
643 2183 720 2265 hoc
748 2205 785 2264 te
816 2187 942 2293 magis
968 2186 1096 2267 multo
1115 2188 1314 2268 intentum

164 2298 252 2394 effe,
273 2300 369 2406 quid
402 2317 483 2378 tute
519 2299 652 2406 patriae
684 2317 758 2377 tuae
786 2299 901 2406 possis
934 2299 1166 2408 persolvere,
1191 2327 1313 2407 quam

161 2412 259 2520 quid
280 2413 345 2490 illa
366 2409 438 2490 tibi
463 2409 551 2514 jure
571 2411 727 2518 optimo
755 2410 800 2488 s1t
825 2410 1017 2491 debitura.
1078 2412 1143 2491 De
1169 2414 1313 2492 exteris
1345 2444 1347 2451 ·

156 2523 242 2629 jam
259 2550 363 2602 nunc
383 2522 528 2615 dicam,
548 2550 721 2629 quorum
740 2521 982 2617 demerendi,
1004 2523 1030 2602 s1
1050 2524 1122 2602 tibi
1143 2523 1185 2602 id
1204 2525 1312 2604 cordi

164 2634 235 2728 est,
257 2634 414 2742 persane
435 2632 567 2742 ampla
596 2635 634 2711 in
663 2633 823 2742 praesens
842 2634 972 2715 oblata
991 2635 1048 2714 est
1066 2635 1239 2731 occafio;
1272 2655 1313 2715 ut

164 2747 273 2827 enim
301 2746 356 2825 est
382 2748 485 2855 apud
515 2773 581 2825 eos
609 2748 768 2852 ingenio
796 2747 883 2854 quis
909 2746 1008 2827 forte
1035 2747 1226 2842 floridior,
1248 2766 1313 2829 aut

164 2858 339 2939 moribus
358 2857 522 2938 amoenis
541 2877 581 2937 et
601 2858 858 2965 elegantibus,
873 2860 1070 2966 Linguam
1084 2858 1311 2965 Hetruscam

164 2973 205 3051 in
233 2971 384 3051 deliciis
412 2968 531 3050 habet
558 2970 777 3079 praecipuis,
798 2972 894 3078 quin
921 2989 961 3049 et
986 2972 1025 3050 in
1051 2971 1171 3051 solida
1191 2975 1311 3053 etiam

163 3104 274 3193 parte
293 3083 522 3162 eruditionis
538 3082 612 3161 esse
629 3082 697 3162 fibi
714 3082 937 3190 ponendam
957 3083 1081 3177 ducit,
1101 3083 1312 3191 praesertim

166 3197 194 3276 fi
226 3198 364 3276 Graeca
393 3217 460 3274 aut
487 3194 647 3289 Latina,
669 3196 731 3273 vel
762 3194 886 3288 nullO,
907 3195 967 3273 vel
999 3197 1158 3275 modico
1190 3197 1313 3276 tinstu

165 3307 378 3388 imbiberit.
430 3310 520 3414 Ego
536 3326 641 3386 certe
661 3307 742 3386 istis
762 3305 934 3414 utrisque
956 3307 1123 3414 Linguis
1143 3334 1223 3387 non
1244 3337 1312 3388 ex·

163 3421 297 3499 tremis
318 3419 593 3498 tantummodo
614 3419 728 3498 labris
744 3418 949 3510 madidus;
981 3418 1044 3497 sed
1065 3418 1183 3526 s1quis
1197 3421 1311 3513 alius,

161 3548 353 3638 quantum
378 3556 448 3636 per
474 3557 595 3610 annos
620 3531 747 3622 licuit,
769 3529 921 3639 poculis
941 3530 1154 3634 majoribus
1172 3533 1310 3640 prolu-

163 3662 238 3736 tus,
265 3639 418 3750 possum
446 3659 575 3719 tamen
605 3669 886 3749 nonnunquam
915 3642 962 3722 ad
989 3644 1105 3721 illum
1126 3645 1309 3737 Dantem,

160 3774 200 3835 et
221 3752 487 3847 Petrarcham,
508 3752 677 3860 aliosque
695 3753 836 3834 vestros
856 3754 1159 3862 complusculos,
1173 3756 1309 3836 'liben-

162 3888 221 3949 ter
247 3886 287 3946 et
312 3866 456 3974 cupide
486 3865 786 3946 commessatum
813 3867 894 3945 ire:
927 3894 1000 3945 nec
1026 3894 1091 3946 me
1119 3885 1203 3947 tam
1224 3869 1311 3978 ipsae

161 3980 324 4059 Athenae
342 3979 485 4058 Atticae
503 4005 597 4059 cum
617 3979 687 4058 illo
708 3979 775 4058 suo
794 3978 992 4088 pellucido
1012 3978 1123 4088 Iliffo,
1148 4006 1223 4059 nec
1244 3982 1309 4061 illa

159 4112 271 4169 vetus
284 4092 401 4169 Roma
421 4089 486 4170 sua
501 4088 646 4172 Tiberis
666 4092 749 4199 sipi
769 4092 935 4170 retinere
949 4092 1179 4187 valudrunt3
1211 4095 1309 4201 quin

159 4203 254 4312 saepe
274 4206 425 4282 Arnum
444 4202 630 4296 vestrum,
651 4223 689 4282 et
712 4201 924 4305 Faesulanus
950 4203 1038 4283 illos
1065 4204 1185 4284 colles
1205 4205 1308 4284 invi·

158 4316 237 4395 sere
253 4343 398 4393 amem.
459 4315 552 4418 Jam
565 4314 668 4407 vide,
682 4313 854 4406 obsecro,
870 4316 1066 4423 numquid
1083 4314 1170 4396 satis
1190 4318 1309 4398 causae

158 4426 292 4521 suerit,
311 4456 397 4537 quae
420 4453 485 4504 me
505 4427 616 4505 vobis
642 4425 831 4505 ultimum
854 4426 903 4504 ab
926 4429 1090 4507 Oceano
1110 4427 1307 4539 hospitem
