2956 4980
161 258 237 311 100
332 282 336 287 -
555 215 892 345 Artis'Logicae
1094 210 1274 308 Lib.1.

157 391 176 470 ὲ
195 388 353 469 moribus
370 387 563 494 arguentis
581 389 704 498 efficit,
715 389 760 496 st
768 387 986 498 prudentia,
1000 388 1174 497 probitas
1193 407 1230 467 et
1249 386 1311 465 be-

158 501 364 581 nevolentia
383 499 577 608 affitermt

217 615 378 692 Horum
394 640 518 691 unum
538 613 698 721 aliquod
718 612 744 690 s1
765 612 883 707 deest,
905 612 968 690 vel
991 639 1061 721 per
1080 610 1311 718 impruden-

161 726 258 803 tiam
279 725 398 818 testis,
419 725 481 802 vel
505 743 664 832 propter
685 725 994 833 improbitatem,
1015 721 1113 803 vel
1103 724 1312 801 mimiciti-

160 865 274 915 arum
299 837 469 943 denique
490 854 559 914 aut
577 836 708 915 nimiae
733 835 865 945 gratia
891 834 1016 928 causa,
1045 833 1189 914 falsum
1216 834 1312 944 saepe

161 977 233 1057 pro
254 948 477 1028 testimonio
495 947 654 1026 dicitur.

221 1055 471 1167 Tssimonium
490 1058 537 1166 est
555 1058 720 1139 divitum
739 1057 806 1137 vel
817 1058 1028 1138 humanum.
1142 1134 1150 1143 .

221 1174 274 1250 Et
294 1170 396 1251 reete
416 1172 578 1278 quidem
599 1173 639 1249 in
663 1169 687 1248 s
708 1170 808 1249 ecies
823 1170 1083 1250 efficientibus
1099 1167 1176 1250 suis
1190 1168 1311 1249 caulis

163 1283 361 1363 distinctas
380 1283 580 1362 dividitur.
638 1201 706 1361 ΑΕ
726 1282 984 1362 efficientibus
1007 1283 1115 1362 enim
1134 1281 1312 1361 maxim&

165 1395 434 1475 testimonium
454 1393 588 1472 suas
551 1422 651 1473 v1res
670 1392 838 1473 affumit.
867 1392 1099 1474 Effectum
1087 1413 1223 1502 rtaque
1243 1393 1312 1486 est,

164 1508 261 1587 fiad
281 1508 419 1587 testem
440 1506 609 1613 spadam
647 1505 931 1599 testimonium,
956 1505 985 1585 fi
1010 1506 1169 1585 adrem
1197 1505 1311 1585 testa-

166 1640 262 1700 tam
322 1620 586 1725 Perexiguam
601 1637 733 1697 autem
747 1620 830 1697 vim
849 1617 1118 1726 probationis
1106 1645 1150 1695 ιη
1169 1619 1311 1726 exqui-

165 1733 233 1812 s1ta
247 1733 408 1811 veritate
422 1749 461 1809 et
481 1749 616 1809 natura
632 1757 763 1808 rerum
779 1730 1073 1838 pervestiganda
1085 1732 1313 1809 communi·

167 1864 224 1924 ter
245 1844 363 1923 tribui
384 1842 607 1923 testimonio
632 1842 738 1950 quod
755 1861 837 1921 tam
856 1842 904 1920 ad
924 1843 1104 1922 divinum
1123 1839 1248 1949 quarn
1266 1843 1312 1922 ad

166 1953 387 2034 humanum
415 1955 607 2063 pertinere
631 1955 823 2046 videatur,
845 1952 885 2032 id
908 1981 979 2032 cur
997 1957 1233 2063 quempiam
1250 1952 1312 2034 of-

165 2066 313 2161 fendat,
342 2094 418 2146 non
439 2067 579 2144 video:
611 2066 879 2145 testimonium
905 2066 1014 2145 enim
1036 2066 1112 2147 five
1131 2065 1313 2146 divinum

168 2178 212 2259 s1t
230 2180 305 2257 five
325 2177 562 2271 humanum,
579 2205 757 2286 peraeque
778 2179 860 2257 vim
879 2205 1042 2257 omnem
1058 2177 1106 2256 ab
1133 2176 1313 2273 authore,

167 2290 318 2369 nullam
330 2291 371 2369 in
382 2289 419 2369 se
431 2288 564 2369 habet.
608 2292 661 2369 Et
672 2290 852 2369 divinum
867 2289 1030 2397 quidem
1043 2290 1313 2370 testimonium

166 2405 335 2483 affirmat
354 2402 418 2481 vel
436 2421 553 2508 negat
572 2428 657 2480 rem
677 2403 731 2481 ita
746 2402 819 2481 effe
823 2400 1035 2510 ,facitque
1062 2420 1107 2482 ut
1129 2403 1312 2496 credam;

167 2543 245 2593 non
266 2513 419 2622 probat,
440 2541 518 2592 non
536 2513 665 2607 docet,
690 2542 769 2593 non
789 2511 884 2593 facit
910 2533 954 2593 ut
973 2513 1091 2594 sciam
1110 2533 1179 2593 aut
1198 2516 1314 2595 intel-

167 2629 289 2733 ligam
309 2654 380 2704 cur
399 2626 453 2702 ita
472 2625 531 2717 s1t,
553 2626 623 2704 nis1
643 2627 809 2705 rationes
828 2653 987 2734 quoque
1007 2623 1207 2705 adhibeat.

227 2732 477 2844 Testimonium
495 2735 660 2816 divinum
675 2736 834 2846 estquod
846 2740 970 2817 Deum
985 2735 1094 2818 tabet
1108 2740 1314 2818 authorem

224 2851 272 2928 In
290 2848 428 2928 divinis
453 2848 659 2956 testimoniis
684 2867 930 2929 numerantur
952 2849 1150 2957 nonsolum
1168 2849 1316 2931 deorum

167 2962 301 3040 oracul
296 2991 334 3055 α,
342 2958 418 3067 sed
431 2961 541 3040 etiam
561 2960 724 3069 νῇρααῇα
743 2979 875 3041 vatum
893 2979 931 3040 et
933 2960 1202 3069 satrdtcorum.

226 3074 330 3152 Vera
355 3073 436 3151 haec
461 3073 533 3152 fint
557 3101 604 3152 an
625 3072 729 3167 fieta,
750 3074 833 3152 veri
852 3074 1026 3152 numinis
1045 3102 1094 3153 an
1113 3072 1215 3169 falfi,
1236 3075 1319 3153 Lo-

168 3187 279 3292 gicus
309 3213 388 3264 non
419 3184 581 3278 laborat,
616 3184 679 3264 sed
711 3212 833 3292 quam
864 3184 984 3264 modd
1014 3186 1098 3266 vim
1124 3187 1318 3295 arguendi

166 3296 478 3404 unumquodque
499 3295 653 3375 habeat.
715 3297 889 3404 Itaque
879 3325 919 3374 1n
948 3297 1098 3377 civilib.
1125 3299 1249 3379 etiam
1277 3318 1318 3379 et

170 3405 352 3486 humanis
385 3408 498 3487 rebus
530 3407 800 3487 testimonium
829 3408 1010 3488 divinum
1040 3409 1203 3519 perinde
1235 3411 1321 3491 vim

170 3518 410 3627 probationis
429 3518 563 3614 habet,
584 3540 628 3600 ut
648 3520 729 3626 ejus
748 3518 889 3600 author
907 3548 1020 3600 verus
1039 3522 1096 3601 est
1113 3542 1182 3603 aut
1203 3521 1321 3605 falsus

171 3634 296 3711 Deus.

225 3742 468 3849 Hujusmodi
490 3742 576 3821 sunt
595 3743 664 3822 ista
683 3745 840 3824 Catilin.
865 3771 903 3850 3.
937 3747 1041 3824 Nam
1060 3763 1104 3825 ut
1123 3744 1192 3825 illa
1210 3747 1322 3827 omit-

169 3873 261 3949 tam,
282 3855 405 4045 υῇααΙ
400 3859 575 3935 ααὲἳαναα
601 3872 760 3964 tempore
783 3844 832 3935 ab
857 3855 1036 3937 occidente
1047 3858 1177 3965 sacer,
1204 3858 1322 3939 ardo-

170 3996 314 4076 remque
332 3968 405 4047 αα
401 3998 440 4060 t
471 3985 514 4046 ut
518 3967 597 4074 fu
591 3967 726 4047 minum
733 3966 880 4073 jutius,
901 3986 945 4048 ut
962 3986 1080 4050 terrae
1097 3987 1231 4065 motus,
1244 4000 1322 4051 αα-

169 4097 336 4187 raraque,
353 4107 435 4187 quce
451 4078 506 4157 ita
524 4109 586 4158 mu
588 4081 657 4172 lta,
588 4078 772 4158 lnobis
791 4079 915 4186 σαψ]
911 4079 1005 4175 rbus,
1009 4081 1130 4189 sabia
1139 4082 1254 4190 sunt,
1276 4101 1322 4163 ut

168 4193 260 4284 lraec,
278 4220 360 4299 quae
378 4191 603 4296 nuncfiunt,
617 4220 748 4271 canere
765 4190 820 4272 dii
831 4194 1052 4273 immortales
1069 4194 1306 4277 viderentur.
