2956 4980
157 256 236 338 390
466 211 679 349 Epistolae
707 213 987 312 Familiares.

28 429 38 448 ·
159 418 247 472 eam
267 391 387 471 etiarn
407 394 503 473 adeo
519 390 752 499 frugiferam
769 391 896 487 fuisse,
911 410 1010 472 utet
1026 387 1311 471 EcclefiaePas-

162 523 289 584 torem
308 503 494 611 probum,
516 507 653 584 Patriae
672 505 822 585 bonum
838 505 999 597 Civem,
1020 500 1124 582 mihi
1143 501 1315 607 denique

163 617 356 695 Amicum
389 616 649 723 gratissrmum
683 617 892 725 pepererit.
954 614 1077 726 Qod
1112 611 1314 721 equidem,

165 755 258 807 cum
273 755 324 806 ex
336 748 472 808 caetera
483 730 562 807 vita
577 748 644 807 tua
658 748 776 837 atque
788 755 838 808 ex
851 756 913 822 eo,
926 728 1033 835 quod
1045 726 1094 806 de
1104 726 1317 832 Religione

166 856 206 918 et
225 839 340 921 fimul
359 840 408 918 de
428 839 651 948 Republica
670 841 849 949 praeclare
868 839 997 933 sentis,
1014 859 1100 918 tum
1122 838 1317 946 praecipue

167 979 218 1031 ex
231 952 414 1059 singulari
429 953 554 1031 animi
567 952 624 1031 tui
642 952 897 1060 gratitudine,
912 978 999 1059 quae
1011 951 1117 1030 nulla
1131 947 1317 1039 absentia,

169 1063 279 1142 nullo
294 1065 412 1143 aetatis
428 1063 604 1159 decursu,
619 1065 801 1172 extingui
816 1083 884 1143 aut
903 1063 1031 1142 minui
1047 1060 1191 1171 potest,
1206 1058 1319 1140 facile

169 1174 362 1281 intelligo.
409 1177 556 1283 Neque
576 1177 683 1255 enim
704 1175 829 1284 potest
849 1174 948 1270 fieri,
962 1175 1031 1254 nifi
1053 1178 1092 1252 in
1108 1175 1256 1252 virtute
1276 1199 1319 1251 ac

170 1287 547 1398 pietate‚rerumque
558 1289 802 1397 optimarum
815 1287 964 1382 studiis,
980 1285 1202 1396 progressus
1214 1283 1320 1394 plus-

171 1426 292 1506 quam
312 1399 527 1480 mediocres
548 1399 710 1494 fecisses,
729 1419 774 1479 ut
789 1402 829 1479 in
850 1427 930 1493 eos,
949 1400 1019 1506 qui
1041 1398 1114 1476 tibi
1129 1398 1178 1477 ad
1192 1425 1238 1476 ea
1257 1424 1321 1474 ac·

171 1511 362 1617 quirenda
388 1511 451 1590 vel
485 1513 699 1592 minimum
726 1512 999 1617 adjumentum
1030 1508 1214 1600 attulere,
1243 1529 1323 1588 tam

172 1641 284 1729 grato
299 1623 433 1702 animo
447 1623 552 1704 esses.
586 1630 854 1736 Qapropter,
867 1624 922 1702 mi
938 1624 1111 1715 alumne,
1125 1619 1204 1715 hoc
1216 1620 1323 1699 enim

174 1735 334 1813 nomine
359 1737 400 1813 in
417 1739 464 1823 lte
489 1754 578 1815 utor
601 1735 783 1830 libenter,
808 1735 835 1813 s1
859 1736 970 1827 finis;
1002 1734 1052 1813 tic
1076 1735 1200 1812 velim
1225 1730 1323 1811 exis-

76 1884 87 1901 *
177 1845 307 1939 times,
328 1864 460 1925 tecum
476 1846 614 1957 primis
634 1845 656 1927 a
675 1876 740 1926 me
756 1846 885 1955 diligi,
901 1874 974 1926 nec
991 1843 1093 1926 mihi
1108 1847 1326 1983 quicquam

176 1958 346 2063 optatius
361 1955 460 2051 fore,
476 1960 653 2068 quam,s1
674 1979 739 2039 tua
758 1960 969 2040 commoda
988 1957 1236 2064 rationesque
1251 1955 1326 2034 ser·

177 2085 278 2160 rent,
301 2069 408 2175 quod
428 2089 468 2148 et
488 2071 560 2149 tibi
579 2073 700 2151 etiam
721 2072 761 2151 in
780 2074 880 2152 votis
900 2070 972 2150 esse
993 2070 1122 2163 viden,
1147 2088 1192 2148 ut
1214 2067 1327 2177 poffis

177 2206 300 2288 prope
325 2208 389 2259 me
412 2182 558 2261 alicubi
577 2182 734 2291 degere,
759 2212 840 2291 quo
867 2181 1109 2290 frequentior
1133 2182 1239 2259 inter
1262 2206 1328 2257 nos

178 2310 296 2398 atque
309 2293 536 2398 jucundior,
557 2313 597 2373 et
611 2296 699 2374 vitae
718 2296 805 2375 usus
821 2313 861 2374 et
876 2294 1092 2374 studiorum
1109 2291 1216 2372 esset.
1249 2292 1328 2369 Ve-

178 2432 269 2483 rum
289 2404 338 2484 de
359 2433 420 2500 e0,
442 2424 560 2516 prout
580 2408 753 2486 Numini
773 2406 901 2487 visum
920 2409 1008 2500 erit,
1034 2406 1186 2512 tibique
1206 2430 1328 2511 expe-

178 2514 334 2594 diverit.
395 2518 518 2627 Qrd
534 2518 723 2627 scripseris
743 2519 940 2626 deinceps,
958 2518 1115 2626 poteris,
1137 2516 1165 2594 fi
1185 2517 1328 2624 placet,

180 2625 310 2706 nostro
325 2628 500 2708 sermone
521 2629 684 2709 scribere
707 2632 949 2738 (quanquam
967 2649 1009 2709 tu
1029 2629 1192 2737 quidem
1212 2625 1328 2706 Lati·

179 2737 236 2817 nis
253 2734 358 2818 haud
375 2768 514 2848 parum
529 2741 745 2849 profecisti)
763 2743 969 2848 nequando
984 2740 1204 2850 scriptionis
1222 2739 1330 2816 labor

182 2850 414 2930 alterutrum
440 2853 614 2933 nostrum
641 2854 858 2961 segniorem
885 2853 985 2933 sorte
1010 2854 1057 2932 ad
1081 2850 1332 2931 scribendum

183 2962 409 3057 reddiderit,
424 2984 546 3072 utque
563 2965 689 3044 sensus
709 2966 831 3043 animi
852 2966 979 3045 noster
996 2966 1096 3044 inter
1117 2989 1202 3056 nos,
1214 2962 1332 3041 nullis

183 3074 308 3152 exteri
334 3074 520 3156 sermonis
540 3078 705 3156 vinculis
729 3077 972 3171 constrictus,
999 3105 1047 3154 eo
1071 3075 1235 3155 liberius
1264 3101 1333 3152 ex·

185 3212 365 3292 promere
384 3186 420 3265 se
439 3188 567 3296 possrt.
628 3191 777 3267 Literas
793 3210 926 3268 autem
947 3209 1030 3268 tuas
1044 3189 1186 3278 cuivis,
1201 3186 1333 3275 credo,

185 3296 336 3402 exejus
357 3297 569 3392 famulitio,
587 3300 695 3405 cujus
708 3301 952 3380 mentionem
972 3299 1115 3391 fecisti,
1127 3298 1334 3378 redtissime

185 3409 423 3488 committes.
483 3412 596 3490 Vale.

274 3519 594 3625 erstmonasterio,
615 3521 810 3601 Decemb.
839 3548 900 3627 13.
929 3523 975 3599 16
981 3548 1045 3628 5²·

251 3953 312 4028 14.
345 3879 509 4007 Henrico
532 3926 768 4118 Oldenbtggo
787 3929 1032 4057 Bremerfium
1053 3927 1100 4006 ad
1117 3929 1207 4004 Sen.
1226 3928 1281 4004 A.

720 4059 850 4119 ratorr.

275 4198 561 4280 RioresLiterae
574 4219 660 4294 tuae,
672 4201 1019 4294 VirOrnatiffime,
1033 4220 1120 4279 turn
1133 4194 1236 4277 mihi
1254 4197 1341 4277 sunt

301 4311 411 4403 datae,
433 4341 524 4391 cum
546 4312 791 4391 Tabellarius
812 4313 934 4392 vester
959 4313 1154 4391 diceretur
1172 4309 1341 4415 jamjam

189 4420 405 4502 rediturus:
428 4452 507 4531 quo
529 4424 677 4503 fastum
697 4423 765 4516 est,
780 4441 823 4501 ut
844 4424 1075 4503 rescribendi
1096 4451 1142 4501 eo
1160 4441 1341 4529 tempore
