<?xml version="1.0" encoding="UTF-8"?>
<!DOCTYPE html PUBLIC "-//W3C//DTD XHTML 1.0 Transitional//EN"
    "http://www.w3.org/TR/xhtml1/DTD/xhtml1-transitional.dtd">
<html xmlns="http://www.w3.org/1999/xhtml" xml:lang="en" lang="en">
 <head>
  <title>
</title>
<meta http-equiv="Content-Type" content="text/html;charset=utf-8" />
  <meta name='ocr-system' content='tesseract 3.04.00' />
  <meta name='ocr-capabilities' content='ocr_page ocr_carea ocr_par ocr_line ocrx_word'/>
</head>
<body>
  <div class='ocr_page' id='page_1' title='image "./worksjohnmilton06miltgoog_0429.png"; bbox 0 0 2956 4980; ppageno 0'>
   <div class='ocr_carea' id='block_1_1' title="bbox 246 204 1104 328">
    <p class='ocr_par' dir='ltr' id='par_1_1' title="bbox 246 204 1104 328">
     <span class='ocr_line' id='line_1_1' title="bbox 246 204 1104 328; baseline -0.006 -24"><span class='ocrx_word' id='word_1_1' title='bbox 246 251 332 328; x_wconf 90' lang='lat'>414</span> <span class='ocrx_word' id='word_1_2' title='bbox 545 204 837 305; x_wconf 86' lang='lat' dir='ltr'>Prolufiones</span> <span class='ocrx_word' id='word_1_3' title='bbox 863 210 1104 304; x_wconf 88' lang='lat' dir='ltr'>Oratoriae.</span> 
     </span>
    </p>
   </div>
   <div class='ocr_carea' id='block_1_2' title="bbox 243 382 1406 2281">
    <p class='ocr_par' dir='ltr' id='par_1_2' title="bbox 243 382 1406 2281">
     <span class='ocr_line' id='line_1_2' title="bbox 248 382 1402 495; baseline -0.004 -30"><span class='ocrx_word' id='word_1_4' title='bbox 248 387 367 466; x_wconf 92' lang='lat' dir='ltr'>Hanc</span> <span class='ocrx_word' id='word_1_5' title='bbox 387 411 626 495; x_wconf 91' lang='lat' dir='ltr'>quocunque</span> <span class='ocrx_word' id='word_1_6' title='bbox 649 402 795 477; x_wconf 87' lang='lat' dir='ltr'>natam,</span> <span class='ocrx_word' id='word_1_7' title='bbox 823 411 916 462; x_wconf 90' lang='lat' dir='ltr'>cum</span> <span class='ocrx_word' id='word_1_8' title='bbox 940 382 1160 462; x_wconf 86' lang='lat' dir='ltr'>adoleverat</span> <span class='ocrx_word' id='word_1_9' title='bbox 1176 382 1227 461; x_wconf 90' lang='lat' dir='ltr'>ad</span> <span class='ocrx_word' id='word_1_10' title='bbox 1245 401 1402 461; x_wconf 87' lang='lat' dir='ltr'>aetatem</span> 
     </span>
     <span class='ocr_line' id='line_1_3' title="bbox 248 494 1401 606; baseline -0.004 -29"><span class='ocrx_word' id='word_1_11' title='bbox 248 500 396 606; x_wconf 88' lang='lat' dir='ltr'>nuptiis</span> <span class='ocrx_word' id='word_1_12' title='bbox 418 517 628 591; x_wconf 87' lang='lat' dir='ltr'>maturam,</span> <span class='ocrx_word' id='word_1_13' title='bbox 649 494 772 603; x_wconf 91' lang='lat' dir='ltr'>poscit</span> <span class='ocrx_word' id='word_1_14' title='bbox 793 494 862 573; x_wconf 87' lang='lat' dir='ltr'>fibi</span> <span class='ocrx_word' id='word_1_15' title='bbox 882 522 1049 575; x_wconf 85' lang='lat' dir='ltr'>uxorem</span> <span class='ocrx_word' id='word_1_16' title='bbox 1070 495 1219 573; x_wconf 76' lang='lat' dir='ltr'>Phanas</span> <span class='ocrx_word' id='word_1_17' title='bbox 1239 494 1401 588; x_wconf 89' lang='lat' dir='ltr'>Pastor;</span> 
     </span>
     <span class='ocr_line' id='line_1_4' title="bbox 249 603 1404 714; baseline -0.003 -25"><span class='ocrx_word' id='word_1_18' title='bbox 249 629 443 690; x_wconf 87' lang='lat' dir='ltr'>annuente</span> <span class='ocrx_word' id='word_1_19' title='bbox 465 611 612 702; x_wconf 88' lang='lat' dir='ltr'>Matre,</span> <span class='ocrx_word' id='word_1_20' title='bbox 644 606 860 714; x_wconf 69' lang='lat' dir='ltr'>refragatur</span> <span class='ocrx_word' id='word_1_21' title='bbox 879 606 961 700; x_wconf 90' lang='lat' dir='ltr'>illa,</span> <span class='ocrx_word' id='word_1_22' title='bbox 991 625 1186 713; x_wconf 87' lang='lat' dir='ltr'>negatque</span> <span class='ocrx_word' id='word_1_23' title='bbox 1216 603 1252 685; x_wconf 92' lang='lat' dir='ltr'>se</span> <span class='ocrx_word' id='word_1_24' title='bbox 1273 607 1404 713; x_wconf 90' lang='lat' dir='ltr'>ignoti</span> 
     </span>
     <span class='ocr_line' id='line_1_5' title="bbox 248 716 1403 830; baseline -0.002 -31"><span class='ocrx_word' id='word_1_25' title='bbox 248 721 320 799; x_wconf 90' lang='lat' dir='ltr'>viri</span> <span class='ocrx_word' id='word_1_26' title='bbox 343 741 384 801; x_wconf 91' lang='lat' dir='ltr'>et</span> <span class='ocrx_word' id='word_1_27' title='bbox 401 720 593 830; x_wconf 86' lang='lat' dir='ltr'>nusquam</span> <span class='ocrx_word' id='word_1_28' title='bbox 611 720 694 813; x_wconf 85' lang='lat' dir='ltr'>vifi,</span> <span class='ocrx_word' id='word_1_29' title='bbox 721 716 970 827; x_wconf 89' lang='lat' dir='ltr'>moribusque</span> <span class='ocrx_word' id='word_1_30' title='bbox 997 717 1153 825; x_wconf 92' lang='lat' dir='ltr'>insuper</span> <span class='ocrx_word' id='word_1_31' title='bbox 1176 735 1257 797; x_wconf 89' lang='lat' dir='ltr'>tam</span> <span class='ocrx_word' id='word_1_32' title='bbox 1282 718 1403 826; x_wconf 89' lang='lat' dir='ltr'>longe</span> 
     </span>
     <span class='ocr_line' id='line_1_6' title="bbox 248 828 1406 939; baseline -0.001 -28"><span class='ocrx_word' id='word_1_33' title='bbox 248 832 420 928; x_wconf 75' lang='lat' dir='ltr'>diversis,</span> <span class='ocrx_word' id='word_1_34' title='bbox 455 832 713 913; x_wconf 88' lang='lat' dir='ltr'>concubitum</span> <span class='ocrx_word' id='word_1_35' title='bbox 752 831 953 911; x_wconf 89' lang='lat' dir='ltr'>inituram.</span> <span class='ocrx_word' id='word_1_36' title='bbox 1014 828 1229 939; x_wconf 91' lang='lat' dir='ltr'>Repulsam</span> <span class='ocrx_word' id='word_1_37' title='bbox 1251 831 1406 910; x_wconf 73' lang='lat' dir='ltr'>Phanas</span> 
     </span>
     <span class='ocr_line' id='line_1_7' title="bbox 249 940 1404 1050; baseline -0.002 -26"><span class='ocrx_word' id='word_1_38' title='bbox 249 971 349 1050; x_wconf 84' lang='lat' dir='ltr'>aegre</span> <span class='ocrx_word' id='word_1_39' title='bbox 374 944 513 1038; x_wconf 88' lang='lat' dir='ltr'>serens,</span> <span class='ocrx_word' id='word_1_40' title='bbox 544 943 653 1023; x_wconf 88' lang='lat' dir='ltr'>verso</span> <span class='ocrx_word' id='word_1_41' title='bbox 680 943 720 1021; x_wconf 91' lang='lat' dir='ltr'>in</span> <span class='ocrx_word' id='word_1_42' title='bbox 744 944 883 1021; x_wconf 91' lang='lat' dir='ltr'>odium</span> <span class='ocrx_word' id='word_1_43' title='bbox 905 969 1055 1036; x_wconf 87' lang='lat' dir='ltr'>amore,</span> <span class='ocrx_word' id='word_1_44' title='bbox 1082 942 1271 1047; x_wconf 87' lang='lat' dir='ltr'>nigellam</span> <span class='ocrx_word' id='word_1_45' title='bbox 1299 940 1404 1022; x_wconf 89' lang='lat' dir='ltr'>hanc</span> 
     </span>
     <span class='ocr_line' id='line_1_8' title="bbox 250 1054 1403 1164; baseline 0 -30"><span class='ocrx_word' id='word_1_46' title='bbox 250 1056 425 1136; x_wconf 89' lang='lat' dir='ltr'>Telluris</span> <span class='ocrx_word' id='word_1_47' title='bbox 443 1056 568 1135; x_wconf 90' lang='lat' dir='ltr'>filiam</span> <span class='ocrx_word' id='word_1_48' title='bbox 586 1082 658 1164; x_wconf 93' lang='lat' dir='ltr'>per</span> <span class='ocrx_word' id='word_1_49' title='bbox 675 1082 813 1134; x_wconf 90' lang='lat' dir='ltr'>omnes</span> <span class='ocrx_word' id='word_1_50' title='bbox 831 1054 938 1134; x_wconf 90' lang='lat' dir='ltr'>orbis</span> <span class='ocrx_word' id='word_1_51' title='bbox 952 1055 1168 1134; x_wconf 86' lang='lat' dir='ltr'>Terrarum</span> <span class='ocrx_word' id='word_1_52' title='bbox 1188 1057 1333 1134; x_wconf 60' lang='lat' dir='ltr'>tractus</span> <span class='ocrx_word' id='word_1_53' title='bbox 1353 1055 1403 1134; x_wconf 91' lang='lat' dir='ltr'>ad</span> 
     </span>
     <span class='ocr_line' id='line_1_9' title="bbox 249 1165 1403 1275; baseline -0.001 -29"><span class='ocrx_word' id='word_1_54' title='bbox 249 1195 389 1246; x_wconf 87' lang='lat' dir='ltr'>necem</span> <span class='ocrx_word' id='word_1_55' title='bbox 423 1167 597 1275; x_wconf 88' lang='lat' dir='ltr'>sequitur</span> <span class='ocrx_word' id='word_1_56' title='bbox 627 1166 956 1273; x_wconf 88' lang='lat' dir='ltr'>indignabundus.</span> <span class='ocrx_word' id='word_1_57' title='bbox 1036 1165 1110 1245; x_wconf 90' lang='lat' dir='ltr'>Illa</span> <span class='ocrx_word' id='word_1_58' title='bbox 1147 1193 1241 1245; x_wconf 89' lang='lat' dir='ltr'>vero</span> <span class='ocrx_word' id='word_1_59' title='bbox 1276 1195 1403 1274; x_wconf 91' lang='lat' dir='ltr'>quem</span> 
     </span>
     <span class='ocr_line' id='line_1_10' title="bbox 250 1275 1403 1388; baseline 0 -30"><span class='ocrx_word' id='word_1_60' title='bbox 250 1298 450 1359; x_wconf 91' lang='lat' dir='ltr'>amantem</span> <span class='ocrx_word' id='word_1_61' title='bbox 477 1278 633 1388; x_wconf 88' lang='lat' dir='ltr'>sprevit,</span> <span class='ocrx_word' id='word_1_62' title='bbox 663 1306 758 1356; x_wconf 91' lang='lat' dir='ltr'>eum</span> <span class='ocrx_word' id='word_1_63' title='bbox 781 1275 934 1358; x_wconf 91' lang='lat' dir='ltr'>hostem</span> <span class='ocrx_word' id='word_1_64' title='bbox 963 1304 1042 1356; x_wconf 91' lang='lat' dir='ltr'>non</span> <span class='ocrx_word' id='word_1_65' title='bbox 1075 1280 1204 1357; x_wconf 90' lang='lat' dir='ltr'>minus</span> <span class='ocrx_word' id='word_1_66' title='bbox 1237 1280 1403 1371; x_wconf 87' lang='lat' dir='ltr'>tremit;</span> 
     </span>
     <span class='ocr_line' id='line_1_11' title="bbox 250 1390 1404 1500; baseline -0.002 -30"><span class='ocrx_word' id='word_1_67' title='bbox 250 1409 457 1499; x_wconf 90' lang='lat' dir='ltr'>propterea</span> <span class='ocrx_word' id='word_1_68' title='bbox 476 1419 524 1471; x_wconf 91' lang='lat' dir='ltr'>ne</span> <span class='ocrx_word' id='word_1_69' title='bbox 544 1390 649 1500; x_wconf 91' lang='lat' dir='ltr'>apud</span> <span class='ocrx_word' id='word_1_70' title='bbox 670 1390 828 1470; x_wconf 88' lang='lat' dir='ltr'>ultimas</span> <span class='ocrx_word' id='word_1_71' title='bbox 847 1390 1010 1498; x_wconf 88' lang='lat' dir='ltr'>quidem</span> <span class='ocrx_word' id='word_1_72' title='bbox 1032 1390 1240 1482; x_wconf 90' lang='lat' dir='ltr'>Nationes,</span> <span class='ocrx_word' id='word_1_73' title='bbox 1265 1410 1306 1469; x_wconf 92' lang='lat' dir='ltr'>et</span> <span class='ocrx_word' id='word_1_74' title='bbox 1326 1390 1404 1469; x_wconf 90' lang='lat' dir='ltr'>dis-</span> 
     </span>
     <span class='ocr_line' id='line_1_12' title="bbox 243 1500 1402 1611; baseline 0 -29"><span class='ocrx_word' id='word_1_75' title='bbox 243 1502 381 1608; x_wconf 68' lang='lat' dir='ltr'>jundla</span> <span class='ocrx_word' id='word_1_76' title='bbox 398 1531 519 1610; x_wconf 90' lang='lat' dir='ltr'>quam</span> <span class='ocrx_word' id='word_1_77' title='bbox 539 1503 714 1582; x_wconf 86' lang='lat' dir='ltr'>maxime</span> <span class='ocrx_word' id='word_1_78' title='bbox 734 1502 833 1595; x_wconf 88' lang='lat' dir='ltr'>loca,</span> <span class='ocrx_word' id='word_1_79' title='bbox 855 1504 982 1581; x_wconf 91' lang='lat' dir='ltr'>immo</span> <span class='ocrx_word' id='word_1_80' title='bbox 1002 1528 1050 1579; x_wconf 91' lang='lat' dir='ltr'>ne</span> <span class='ocrx_word' id='word_1_81' title='bbox 1071 1501 1112 1580; x_wconf 93' lang='lat' dir='ltr'>in</span> <span class='ocrx_word' id='word_1_82' title='bbox 1131 1500 1215 1609; x_wconf 93' lang='lat' dir='ltr'>ipso</span> <span class='ocrx_word' id='word_1_83' title='bbox 1230 1502 1314 1581; x_wconf 87' lang='lat' dir='ltr'>finu</span> <span class='ocrx_word' id='word_1_84' title='bbox 1330 1531 1402 1611; x_wconf 93' lang='lat' dir='ltr'>pa·</span> 
     </span>
     <span class='ocr_line' id='line_1_13' title="bbox 250 1612 1402 1714; baseline 0 -21"><span class='ocrx_word' id='word_1_85' title='bbox 250 1615 369 1714; x_wconf 85' lang='lat' dir='ltr'>rentis</span> <span class='ocrx_word' id='word_1_86' title='bbox 398 1614 484 1695; x_wconf 94' lang='lat' dir='ltr'>satis</span> <span class='ocrx_word' id='word_1_87' title='bbox 510 1615 548 1694; x_wconf 90' lang='lat' dir='ltr'>se</span> <span class='ocrx_word' id='word_1_88' title='bbox 579 1633 705 1695; x_wconf 92' lang='lat' dir='ltr'>tutam</span> <span class='ocrx_word' id='word_1_89' title='bbox 733 1635 828 1707; x_wconf 89' lang='lat' dir='ltr'>rata,</span> <span class='ocrx_word' id='word_1_90' title='bbox 860 1613 908 1692; x_wconf 93' lang='lat' dir='ltr'>ad</span> <span class='ocrx_word' id='word_1_91' title='bbox 937 1613 1102 1693; x_wconf 89' lang='lat' dir='ltr'>incestos</span> <span class='ocrx_word' id='word_1_92' title='bbox 1131 1613 1251 1693; x_wconf 85' lang='lat' dir='ltr'>Erebi</span> <span class='ocrx_word' id='word_1_93' title='bbox 1269 1612 1402 1693; x_wconf 87' lang='lat' dir='ltr'>fratris</span> 
     </span>
     <span class='ocr_line' id='line_1_14' title="bbox 250 1724 1403 1834; baseline 0 -29"><span class='ocrx_word' id='word_1_94' title='bbox 250 1727 457 1833; x_wconf 86' lang='lat' dir='ltr'>amplexus</span> <span class='ocrx_word' id='word_1_95' title='bbox 484 1725 624 1806; x_wconf 90' lang='lat' dir='ltr'>furtim</span> <span class='ocrx_word' id='word_1_96' title='bbox 655 1746 695 1806; x_wconf 89' lang='lat' dir='ltr'>et</span> <span class='ocrx_word' id='word_1_97' title='bbox 719 1724 945 1806; x_wconf 88' lang='lat' dir='ltr'>clanculum</span> <span class='ocrx_word' id='word_1_98' title='bbox 974 1725 1010 1805; x_wconf 87' lang='lat' dir='ltr'>se</span> <span class='ocrx_word' id='word_1_99' title='bbox 1037 1725 1224 1834; x_wconf 89' lang='lat' dir='ltr'>corripit;</span> <span class='ocrx_word' id='word_1_100' title='bbox 1257 1727 1403 1805; x_wconf 91' lang='lat' dir='ltr'>timore</span> 
     </span>
     <span class='ocr_line' id='line_1_15' title="bbox 251 1837 1402 1946; baseline 0.001 -29"><span class='ocrx_word' id='word_1_101' title='bbox 251 1838 366 1917; x_wconf 86' lang='lat' dir='ltr'>srmul</span> <span class='ocrx_word' id='word_1_102' title='bbox 400 1840 510 1944; x_wconf 86' lang='lat' dir='ltr'>gravi</span> <span class='ocrx_word' id='word_1_103' title='bbox 543 1838 676 1932; x_wconf 90' lang='lat' dir='ltr'>soluta,</span> <span class='ocrx_word' id='word_1_104' title='bbox 709 1839 976 1946; x_wconf 88' lang='lat' dir='ltr'>maritumque</span> <span class='ocrx_word' id='word_1_105' title='bbox 1003 1839 1114 1916; x_wconf 64' lang='lat' dir='ltr'>nasta</span> <span class='ocrx_word' id='word_1_106' title='bbox 1138 1837 1402 1946; x_wconf 87' lang='lat' dir='ltr'>proculdubio</span> 
     </span>
     <span class='ocr_line' id='line_1_16' title="bbox 246 1946 1402 2058; baseline 0.001 -31"><span class='ocrx_word' id='word_1_107' title='bbox 246 1948 309 2027; x_wconf 88' lang='lat' dir='ltr'>sui</span> <span class='ocrx_word' id='word_1_108' title='bbox 340 1948 522 2028; x_wconf 86' lang='lat' dir='ltr'>srmilem.</span> <span class='ocrx_word' id='word_1_109' title='bbox 594 1946 688 2028; x_wconf 91' lang='lat' dir='ltr'>Hoc</span> <span class='ocrx_word' id='word_1_110' title='bbox 718 1949 852 2056; x_wconf 92' lang='lat' dir='ltr'>itaque</span> <span class='ocrx_word' id='word_1_111' title='bbox 882 1968 964 2029; x_wconf 90' lang='lat' dir='ltr'>tam</span> <span class='ocrx_word' id='word_1_112' title='bbox 994 1949 1155 2029; x_wconf 88' lang='lat' dir='ltr'>venusto</span> <span class='ocrx_word' id='word_1_113' title='bbox 1182 1948 1402 2058; x_wconf 88' lang='lat' dir='ltr'>conjugum</span> 
     </span>
     <span class='ocr_line' id='line_1_17' title="bbox 250 2058 1404 2169; baseline 0.001 -30"><span class='ocrx_word' id='word_1_114' title='bbox 250 2060 334 2168; x_wconf 89' lang='lat' dir='ltr'>pari</span> <span class='ocrx_word' id='word_1_115' title='bbox 353 2058 493 2138; x_wconf 87' lang='lat' dir='ltr'>AEther</span> <span class='ocrx_word' id='word_1_116' title='bbox 512 2079 551 2140; x_wconf 94' lang='lat' dir='ltr'>et</span> <span class='ocrx_word' id='word_1_117' title='bbox 570 2061 669 2140; x_wconf 88' lang='lat' dir='ltr'>Dies</span> <span class='ocrx_word' id='word_1_118' title='bbox 688 2058 946 2169; x_wconf 87' lang='lat' dir='ltr'>perhibentur</span> <span class='ocrx_word' id='word_1_119' title='bbox 964 2061 1075 2154; x_wconf 89' lang='lat' dir='ltr'>editi,</span> <span class='ocrx_word' id='word_1_120' title='bbox 1103 2079 1147 2140; x_wconf 93' lang='lat' dir='ltr'>ut</span> <span class='ocrx_word' id='word_1_121' title='bbox 1166 2060 1328 2141; x_wconf 89' lang='lat' dir='ltr'>Author</span> <span class='ocrx_word' id='word_1_122' title='bbox 1347 2061 1404 2141; x_wconf 90' lang='lat' dir='ltr'>est</span> 
     </span>
     <span class='ocr_line' id='line_1_18' title="bbox 251 2171 1317 2281; baseline 0.002 -31"><span class='ocrx_word' id='word_1_123' title='bbox 251 2172 372 2266; x_wconf 90' lang='lat' dir='ltr'>idem,</span> <span class='ocrx_word' id='word_1_124' title='bbox 395 2171 505 2277; x_wconf 90' lang='lat' dir='ltr'>cujus</span> <span class='ocrx_word' id='word_1_125' title='bbox 526 2171 638 2281; x_wconf 90' lang='lat' dir='ltr'>supra</span> <span class='ocrx_word' id='word_1_126' title='bbox 659 2173 903 2252; x_wconf 89' lang='lat' dir='ltr'>mentionem</span> <span class='ocrx_word' id='word_1_127' title='bbox 924 2171 1090 2253; x_wconf 89' lang='lat' dir='ltr'>fecimus</span> <span class='ocrx_word' id='word_1_128' title='bbox 1110 2172 1317 2278; x_wconf 84' lang='lat' dir='ltr'>Hestodus:</span> 
     </span>
    </p>
   </div>
   <div class='ocr_carea' id='block_1_3' title="bbox 364 2329 1226 2445">
    <p class='ocr_par' dir='ltr' id='par_1_3' title="bbox 364 2329 1226 2445">
     <span class='ocr_line' id='line_1_19' title="bbox 364 2329 1226 2445; baseline 0.002 -31"><span class='ocrx_word' id='word_1_129' title='bbox 364 2330 504 2426; x_wconf 66' lang='grc' dir='ltr'><strong><em>Νυκτὸς</em></strong></span> <span class='ocrx_word' id='word_1_130' title='bbox 522 2329 552 2412; x_wconf 62' lang='lat' dir='ltr'>l‘</span> <span class='ocrx_word' id='word_1_131' title='bbox 570 2333 646 2415; x_wconf 67' lang='grc' dir='ltr'>ἄντ’</span> <span class='ocrx_word' id='word_1_132' title='bbox 664 2329 798 2440; x_wconf 71' lang='grc' dir='ltr'><em>αἶθῆρτε</em></span> <span class='ocrx_word' id='word_1_133' title='bbox 819 2331 879 2414; x_wconf 67' lang='grc' dir='ltr'>καὶ</span> <span class='ocrx_word' id='word_1_134' title='bbox 899 2330 1004 2445; x_wconf 74' lang='grc' dir='ltr'>ἧμέρα</span> <span class='ocrx_word' id='word_1_135' title='bbox 1024 2330 1226 2437; x_wconf 61' lang='grc' dir='ltr'>ἐξεγένοντο,</span> 
     </span>
    </p>
   </div>
   <div class='ocr_carea' id='block_1_4' title="bbox 365 2441 1255 2558">
    <p class='ocr_par' dir='ltr' id='par_1_4' title="bbox 365 2441 1255 2558">
     <span class='ocr_line' id='line_1_20' title="bbox 365 2441 1255 2558; baseline -0.002 -32"><span class='ocrx_word' id='word_1_136' title='bbox 365 2442 438 2537; x_wconf 65' lang='lat' dir='ltr'>olle</span> <span class='ocrx_word' id='word_1_137' title='bbox 456 2441 654 2527; x_wconf 74' lang='grc' dir='ltr'>τὲκεκυσσα</span> <span class='ocrx_word' id='word_1_138' title='bbox 672 2441 752 2555; x_wconf 68' lang='lat' dir='ltr'>pira</span> <span class='ocrx_word' id='word_1_139' title='bbox 770 2441 898 2552; x_wconf 77' lang='grc' dir='ltr'><strong><em>Ἐρὲβει</em></strong></span> <span class='ocrx_word' id='word_1_140' title='bbox 919 2444 1077 2558; x_wconf 68' lang='grc' dir='ltr'><strong><em>φιλᾷτητι</em></strong></span> <span class='ocrx_word' id='word_1_141' title='bbox 1095 2462 1255 2556; x_wconf 72' lang='grc' dir='ltr'>μιγεῖσα.</span> 
     </span>
    </p>
   </div>
   <div class='ocr_carea' id='block_1_5' title="bbox 250 2615 1405 4510">
    <p class='ocr_par' dir='ltr' id='par_1_5' title="bbox 250 2615 1405 4510">
     <span class='ocr_line' id='line_1_21' title="bbox 251 2615 1405 2728; baseline 0.003 -32"><span class='ocrx_word' id='word_1_142' title='bbox 251 2619 309 2696; x_wconf 92' lang='lat' dir='ltr'>At</span> <span class='ocrx_word' id='word_1_143' title='bbox 328 2617 435 2696; x_wconf 90' lang='lat' dir='ltr'>enim</span> <span class='ocrx_word' id='word_1_144' title='bbox 454 2636 587 2697; x_wconf 89' lang='lat' dir='ltr'>vetant</span> <span class='ocrx_word' id='word_1_145' title='bbox 607 2615 858 2699; x_wconf 86' lang='lat' dir='ltr'>humaniores</span> <span class='ocrx_word' id='word_1_146' title='bbox 871 2619 1011 2714; x_wconf 85' lang='lat' dir='ltr'>Musae,</span> <span class='ocrx_word' id='word_1_147' title='bbox 1028 2617 1108 2728; x_wconf 88' lang='lat' dir='ltr'>ipsa</span> <span class='ocrx_word' id='word_1_148' title='bbox 1122 2620 1243 2699; x_wconf 90' lang='lat' dir='ltr'>etiam</span> <span class='ocrx_word' id='word_1_149' title='bbox 1263 2618 1405 2727; x_wconf 90' lang='lat' dir='ltr'>prohi-</span> 
     </span>
     <span class='ocr_line' id='line_1_22' title="bbox 253 2725 1404 2838; baseline 0.006 -33"><span class='ocrx_word' id='word_1_150' title='bbox 253 2725 319 2805; x_wconf 92' lang='lat' dir='ltr'>bet</span> <span class='ocrx_word' id='word_1_151' title='bbox 337 2726 589 2837; x_wconf 89' lang='lat' dir='ltr'>Philosophia</span> <span class='ocrx_word' id='word_1_152' title='bbox 602 2732 692 2809; x_wconf 93' lang='lat' dir='ltr'>Diis</span> <span class='ocrx_word' id='word_1_153' title='bbox 713 2732 908 2838; x_wconf 85' lang='lat' dir='ltr'>proxima,</span> <span class='ocrx_word' id='word_1_154' title='bbox 930 2760 978 2810; x_wconf 92' lang='lat' dir='ltr'>ne</span> <span class='ocrx_word' id='word_1_155' title='bbox 995 2733 1127 2812; x_wconf 91' lang='lat' dir='ltr'>minus</span> <span class='ocrx_word' id='word_1_156' title='bbox 1145 2733 1275 2811; x_wconf 89' lang='lat' dir='ltr'>Poetis</span> <span class='ocrx_word' id='word_1_157' title='bbox 1292 2733 1404 2812; x_wconf 85' lang='lat' dir='ltr'>Deo-</span> 
     </span>
     <span class='ocr_line' id='line_1_23' title="bbox 254 2838 1404 2950; baseline 0.004 -33"><span class='ocrx_word' id='word_1_158' title='bbox 254 2866 344 2917; x_wconf 90' lang='lat' dir='ltr'>rum</span> <span class='ocrx_word' id='word_1_159' title='bbox 375 2838 521 2947; x_wconf 89' lang='lat' dir='ltr'>figulis,</span> <span class='ocrx_word' id='word_1_160' title='bbox 556 2840 765 2948; x_wconf 62' lang='lat' dir='ltr'>praesertim</span> <span class='ocrx_word' id='word_1_161' title='bbox 792 2844 1041 2936; x_wconf 84' lang='lat' dir='ltr'>Graeeanicis,</span> <span class='ocrx_word' id='word_1_162' title='bbox 1070 2847 1180 2923; x_wconf 90' lang='lat' dir='ltr'>omni</span> <span class='ocrx_word' id='word_1_163' title='bbox 1211 2872 1261 2921; x_wconf 86' lang='lat' dir='ltr'>ex</span> <span class='ocrx_word' id='word_1_164' title='bbox 1292 2862 1404 2950; x_wconf 90' lang='lat' dir='ltr'>parte</span> 
     </span>
     <span class='ocr_line' id='line_1_24' title="bbox 252 2948 1401 3063; baseline 0.005 -35"><span class='ocrx_word' id='word_1_165' title='bbox 252 2948 466 3032; x_wconf 87' lang='lat' dir='ltr'>habeamus</span> <span class='ocrx_word' id='word_1_166' title='bbox 479 2951 622 3046; x_wconf 89' lang='lat' dir='ltr'>fidem;</span> <span class='ocrx_word' id='word_1_167' title='bbox 644 2979 716 3032; x_wconf 91' lang='lat' dir='ltr'>nec</span> <span class='ocrx_word' id='word_1_168' title='bbox 732 2953 939 3061; x_wconf 91' lang='lat' dir='ltr'>quisquam</span> <span class='ocrx_word' id='word_1_169' title='bbox 952 2955 999 3032; x_wconf 90' lang='lat' dir='ltr'>iis</span> <span class='ocrx_word' id='word_1_170' title='bbox 1014 2953 1090 3033; x_wconf 93' lang='lat' dir='ltr'>hoc</span> <span class='ocrx_word' id='word_1_171' title='bbox 1103 2955 1245 3063; x_wconf 92' lang='lat' dir='ltr'>probro</span> <span class='ocrx_word' id='word_1_172' title='bbox 1261 2955 1401 3033; x_wconf 90' lang='lat' dir='ltr'>datum</span> 
     </span>
     <span class='ocr_line' id='line_1_25' title="bbox 251 3064 1405 3170; baseline 0.004 -30"><span class='ocrx_word' id='word_1_173' title='bbox 251 3080 379 3170; x_wconf 92' lang='lat' dir='ltr'>putet,</span> <span class='ocrx_word' id='word_1_174' title='bbox 400 3064 506 3169; x_wconf 93' lang='lat' dir='ltr'>quod</span> <span class='ocrx_word' id='word_1_175' title='bbox 527 3065 568 3143; x_wconf 91' lang='lat' dir='ltr'>in</span> <span class='ocrx_word' id='word_1_176' title='bbox 585 3093 625 3143; x_wconf 92' lang='lat' dir='ltr'>re</span> <span class='ocrx_word' id='word_1_177' title='bbox 649 3065 746 3143; x_wconf 87' lang='lat' dir='ltr'>tanti</span> <span class='ocrx_word' id='word_1_178' title='bbox 765 3067 959 3144; x_wconf 89' lang='lat' dir='ltr'>momenti</span> <span class='ocrx_word' id='word_1_179' title='bbox 979 3065 1178 3144; x_wconf 89' lang='lat' dir='ltr'>Authores</span> <span class='ocrx_word' id='word_1_180' title='bbox 1198 3067 1405 3145; x_wconf 87' lang='lat' dir='ltr'>videantur</span> 
     </span>
     <span class='ocr_line' id='line_1_26' title="bbox 252 3174 1405 3284; baseline 0.004 -33"><span class='ocrx_word' id='word_1_181' title='bbox 252 3176 320 3252; x_wconf 86' lang='lat' dir='ltr'>vix</span> <span class='ocrx_word' id='word_1_182' title='bbox 338 3174 424 3253; x_wconf 86' lang='lat' dir='ltr'>satis</span> <span class='ocrx_word' id='word_1_183' title='bbox 445 3175 670 3283; x_wconf 90' lang='lat' dir='ltr'>locupletes.</span> <span class='ocrx_word' id='word_1_184' title='bbox 731 3177 772 3253; x_wconf 87' lang='lat' dir='ltr'>Si</span> <span class='ocrx_word' id='word_1_185' title='bbox 790 3178 877 3283; x_wconf 91' lang='lat' dir='ltr'>quis</span> <span class='ocrx_word' id='word_1_186' title='bbox 892 3178 1000 3255; x_wconf 89' lang='lat' dir='ltr'>enim</span> <span class='ocrx_word' id='word_1_187' title='bbox 1021 3205 1157 3257; x_wconf 90' lang='lat' dir='ltr'>eorum</span> <span class='ocrx_word' id='word_1_188' title='bbox 1175 3178 1405 3284; x_wconf 89' lang='lat' dir='ltr'>aliquantil-</span> 
     </span>
     <span class='ocr_line' id='line_1_27' title="bbox 253 3283 1403 3395; baseline 0.003 -31"><span class='ocrx_word' id='word_1_189' title='bbox 253 3286 339 3364; x_wconf 92' lang='lat' dir='ltr'>lum</span> <span class='ocrx_word' id='word_1_190' title='bbox 359 3283 562 3365; x_wconf 88' lang='lat' dir='ltr'>deflexerit</span> <span class='ocrx_word' id='word_1_191' title='bbox 581 3284 724 3378; x_wconf 72' lang='lat' dir='ltr'>avero,</span> <span class='ocrx_word' id='word_1_192' title='bbox 738 3287 778 3366; x_wconf 93' lang='lat' dir='ltr'>id</span> <span class='ocrx_word' id='word_1_193' title='bbox 796 3314 872 3366; x_wconf 93' lang='lat' dir='ltr'>non</span> <span class='ocrx_word' id='word_1_194' title='bbox 894 3307 974 3366; x_wconf 92' lang='lat' dir='ltr'>tam</span> <span class='ocrx_word' id='word_1_195' title='bbox 996 3290 1163 3395; x_wconf 89' lang='lat' dir='ltr'>ingeniis</span> <span class='ocrx_word' id='word_1_196' title='bbox 1183 3316 1322 3368; x_wconf 87' lang='lat' dir='ltr'>eorum</span> <span class='ocrx_word' id='word_1_197' title='bbox 1343 3288 1403 3368; x_wconf 94' lang='lat' dir='ltr'>as·</span> 
     </span>
     <span class='ocr_line' id='line_1_28' title="bbox 252 3395 1405 3508; baseline 0.006 -35"><span class='ocrx_word' id='word_1_198' title='bbox 252 3395 497 3501; x_wconf 76' lang='lat' dir='ltr'>signandum,</span> <span class='ocrx_word' id='word_1_199' title='bbox 530 3397 672 3504; x_wconf 88' lang='lat' dir='ltr'>quibus</span> <span class='ocrx_word' id='word_1_200' title='bbox 708 3397 807 3477; x_wconf 91' lang='lat' dir='ltr'>nihil</span> <span class='ocrx_word' id='word_1_201' title='bbox 838 3400 1022 3494; x_wconf 87' lang='lat' dir='ltr'>divinius,</span> <span class='ocrx_word' id='word_1_202' title='bbox 1054 3429 1174 3508; x_wconf 91' lang='lat' dir='ltr'>quam</span> <span class='ocrx_word' id='word_1_203' title='bbox 1206 3427 1332 3507; x_wconf 88' lang='lat' dir='ltr'>pravae</span> <span class='ocrx_word' id='word_1_204' title='bbox 1363 3420 1405 3480; x_wconf 94' lang='lat' dir='ltr'>et</span> 
     </span>
     <span class='ocr_line' id='line_1_29' title="bbox 252 3507 1403 3621; baseline 0.006 -37"><span class='ocrx_word' id='word_1_205' title='bbox 252 3507 471 3585; x_wconf 83' lang='lat' dir='ltr'>caecutienti</span> <span class='ocrx_word' id='word_1_206' title='bbox 495 3508 576 3612; x_wconf 91' lang='lat' dir='ltr'>ejus</span> <span class='ocrx_word' id='word_1_207' title='bbox 600 3510 719 3587; x_wconf 85' lang='lat' dir='ltr'>aetatis</span> <span class='ocrx_word' id='word_1_208' title='bbox 745 3510 984 3616; x_wconf 86' lang='lat' dir='ltr'>ignorantiae,</span> <span class='ocrx_word' id='word_1_209' title='bbox 1009 3539 1095 3618; x_wconf 87' lang='lat' dir='ltr'>quae</span> <span class='ocrx_word' id='word_1_210' title='bbox 1117 3530 1210 3590; x_wconf 92' lang='lat' dir='ltr'>tunc</span> <span class='ocrx_word' id='word_1_211' title='bbox 1231 3512 1403 3621; x_wconf 90' lang='lat' dir='ltr'>tempes-</span> 
     </span>
     <span class='ocr_line' id='line_1_30' title="bbox 252 3617 1403 3725; baseline 0.006 -29"><span class='ocrx_word' id='word_1_212' title='bbox 252 3619 341 3697; x_wconf 88' lang='lat' dir='ltr'>tatis</span> <span class='ocrx_word' id='word_1_213' title='bbox 353 3617 744 3725; x_wconf 91' lang='lat' dir='ltr'>pervadebatomnia.</span> <span class='ocrx_word' id='word_1_214' title='bbox 803 3621 973 3700; x_wconf 86' lang='lat' dir='ltr'>Abunde</span> <span class='ocrx_word' id='word_1_215' title='bbox 988 3623 1073 3702; x_wconf 88' lang='lat' dir='ltr'>sane</span> <span class='ocrx_word' id='word_1_216' title='bbox 1086 3621 1318 3703; x_wconf 90' lang='lat' dir='ltr'>laudishinc</span> <span class='ocrx_word' id='word_1_217' title='bbox 1331 3624 1403 3703; x_wconf 87' lang='lat' dir='ltr'>fibi</span> 
     </span>
     <span class='ocr_line' id='line_1_31' title="bbox 252 3726 1403 3842; baseline 0.007 -35"><span class='ocrx_word' id='word_1_218' title='bbox 252 3729 384 3837; x_wconf 89' lang='lat' dir='ltr'>adepti</span> <span class='ocrx_word' id='word_1_219' title='bbox 407 3726 508 3837; x_wconf 89' lang='lat' dir='ltr'>sunt,</span> <span class='ocrx_word' id='word_1_220' title='bbox 534 3728 685 3807; x_wconf 87' lang='lat' dir='ltr'>affatim</span> <span class='ocrx_word' id='word_1_221' title='bbox 708 3730 854 3835; x_wconf 84' lang='lat' dir='ltr'>gloriae,</span> <span class='ocrx_word' id='word_1_222' title='bbox 881 3732 988 3840; x_wconf 95' lang='lat' dir='ltr'>quod</span> <span class='ocrx_word' id='word_1_223' title='bbox 1009 3732 1189 3813; x_wconf 88' lang='lat' dir='ltr'>homines</span> <span class='ocrx_word' id='word_1_224' title='bbox 1221 3736 1262 3812; x_wconf 92' lang='lat' dir='ltr'>in</span> <span class='ocrx_word' id='word_1_225' title='bbox 1287 3734 1403 3842; x_wconf 86' lang='lat' dir='ltr'>sylvis</span> 
     </span>
     <span class='ocr_line' id='line_1_32' title="bbox 253 3839 1403 3950; baseline 0.005 -30"><span class='ocrx_word' id='word_1_226' title='bbox 253 3861 369 3948; x_wconf 88' lang='lat' dir='ltr'>atque</span> <span class='ocrx_word' id='word_1_227' title='bbox 400 3839 601 3919; x_wconf 90' lang='lat' dir='ltr'>montibus</span> <span class='ocrx_word' id='word_1_228' title='bbox 631 3839 836 3950; x_wconf 90' lang='lat' dir='ltr'>dispalatos</span> <span class='ocrx_word' id='word_1_229' title='bbox 868 3843 1089 3923; x_wconf 90' lang='lat' dir='ltr'>belluarum</span> <span class='ocrx_word' id='word_1_230' title='bbox 1119 3847 1167 3924; x_wconf 95' lang='lat' dir='ltr'>ad</span> <span class='ocrx_word' id='word_1_231' title='bbox 1200 3847 1333 3940; x_wconf 89' lang='lat' dir='ltr'>instar,</span> <span class='ocrx_word' id='word_1_232' title='bbox 1360 3849 1403 3926; x_wconf 89' lang='lat' dir='ltr'>in</span> 
     </span>
     <span class='ocr_line' id='line_1_33' title="bbox 253 3952 1401 4061; baseline 0.006 -31"><span class='ocrx_word' id='word_1_233' title='bbox 253 3980 376 4030; x_wconf 91' lang='lat' dir='ltr'>unum</span> <span class='ocrx_word' id='word_1_234' title='bbox 394 3952 658 4061; x_wconf 88' lang='lat' dir='ltr'>compulerint</span> <span class='ocrx_word' id='word_1_235' title='bbox 676 3952 825 4048; x_wconf 85' lang='lat' dir='ltr'>locum,</span> <span class='ocrx_word' id='word_1_236' title='bbox 846 3973 885 4034; x_wconf 94' lang='lat' dir='ltr'>et</span> <span class='ocrx_word' id='word_1_237' title='bbox 906 3956 1096 4035; x_wconf 91' lang='lat' dir='ltr'>Civitates</span> <span class='ocrx_word' id='word_1_238' title='bbox 1116 3955 1401 4052; x_wconf 89' lang='lat' dir='ltr'>constituerint,</span> 
     </span>
     <span class='ocr_line' id='line_1_34' title="bbox 250 4063 1403 4174; baseline 0.006 -33"><span class='ocrx_word' id='word_1_239' title='bbox 250 4065 435 4171; x_wconf 93' lang='lat' dir='ltr'>quodque</span> <span class='ocrx_word' id='word_1_240' title='bbox 459 4091 595 4143; x_wconf 88' lang='lat' dir='ltr'>omnes</span> <span class='ocrx_word' id='word_1_241' title='bbox 615 4063 852 4172; x_wconf 88' lang='lat' dir='ltr'>Disciplinas</span> <span class='ocrx_word' id='word_1_242' title='bbox 877 4085 1073 4174; x_wconf 92' lang='lat' dir='ltr'>quotquot</span> <span class='ocrx_word' id='word_1_243' title='bbox 1095 4065 1215 4147; x_wconf 89' lang='lat' dir='ltr'>hodie</span> <span class='ocrx_word' id='word_1_244' title='bbox 1240 4069 1403 4148; x_wconf 88' lang='lat' dir='ltr'>tradun-</span> 
     </span>
     <span class='ocr_line' id='line_1_35' title="bbox 252 4173 1404 4292; baseline 0.006 -39"><span class='ocrx_word' id='word_1_245' title='bbox 252 4194 328 4267; x_wconf 93' lang='lat' dir='ltr'>tur,</span> <span class='ocrx_word' id='word_1_246' title='bbox 361 4173 501 4281; x_wconf 88' lang='lat' dir='ltr'>lepidis</span> <span class='ocrx_word' id='word_1_247' title='bbox 534 4173 766 4255; x_wconf 88' lang='lat' dir='ltr'>fabellarum</span> <span class='ocrx_word' id='word_1_248' title='bbox 804 4176 1017 4257; x_wconf 88' lang='lat' dir='ltr'>involucris</span> <span class='ocrx_word' id='word_1_249' title='bbox 1048 4179 1254 4259; x_wconf 88' lang='lat' dir='ltr'>obvestitas</span> <span class='ocrx_word' id='word_1_250' title='bbox 1293 4182 1404 4292; x_wconf 90' lang='lat' dir='ltr'>pleni</span> 
     </span>
     <span class='ocr_line' id='line_1_36' title="bbox 251 4285 1404 4394; baseline 0.006 -30"><span class='ocrx_word' id='word_1_251' title='bbox 251 4288 342 4365; x_wconf 89' lang='lat' dir='ltr'>Deo</span> <span class='ocrx_word' id='word_1_252' title='bbox 362 4287 483 4393; x_wconf 88' lang='lat' dir='ltr'>primi</span> <span class='ocrx_word' id='word_1_253' title='bbox 502 4286 729 4380; x_wconf 88' lang='lat' dir='ltr'>docuerint;</span> <span class='ocrx_word' id='word_1_254' title='bbox 761 4289 913 4394; x_wconf 91' lang='lat' dir='ltr'>eritque</span> <span class='ocrx_word' id='word_1_255' title='bbox 933 4285 1010 4368; x_wconf 94' lang='lat' dir='ltr'>hoc</span> <span class='ocrx_word' id='word_1_256' title='bbox 1035 4287 1161 4369; x_wconf 93' lang='lat' dir='ltr'>solum</span> <span class='ocrx_word' id='word_1_257' title='bbox 1191 4290 1331 4370; x_wconf 89' lang='lat' dir='ltr'>iisdem</span> <span class='ocrx_word' id='word_1_258' title='bbox 1355 4293 1404 4371; x_wconf 88' lang='lat' dir='ltr'>ad</span> 
     </span>
     <span class='ocr_line' id='line_1_37' title="bbox 251 4396 1402 4510; baseline 0.006 -34"><span class='ocrx_word' id='word_1_259' title='bbox 251 4396 524 4504; x_wconf 86' lang='lat' dir='ltr'>assequendam</span> <span class='ocrx_word' id='word_1_260' title='bbox 549 4396 719 4476; x_wconf 91' lang='lat' dir='ltr'>nominis</span> <span class='ocrx_word' id='word_1_261' title='bbox 744 4398 1085 4479; x_wconf 88' lang='lat' dir='ltr'>immortalitatem</span> <span class='ocrx_word' id='word_1_262' title='bbox 1115 4428 1194 4481; x_wconf 91' lang='lat' dir='ltr'>non</span> <span class='ocrx_word' id='word_1_263' title='bbox 1223 4402 1402 4510; x_wconf 89' lang='lat' dir='ltr'>ignobile</span> 
     </span>
    </p>
   </div>
   <div class='ocr_carea' id='block_1_6' title="bbox 0 0 1486 4980">
    <p class='ocr_par' dir='ltr' id='par_1_6' title="bbox 0 0 1486 4980">
     <span class='ocr_line' id='line_1_38' title="bbox 0 0 1486 4980; baseline 0 0"><span class='ocrx_word' id='word_1_264' title='bbox 0 0 1486 4980; x_wconf 95' lang='lat' dir='ltr'> </span> 
     </span>
    </p>
   </div>
  </div>
 </body>
</html>
