2956 4980
280 273 355 351 140
691 232 817 327 Artis
843 233 1026 362 Logicae
1218 228 1326 327 Lib.
1357 270 1394 325 2.

267 423 419 515 partem
437 404 669 486 debiliorem:
699 401 969 515 negatumque
994 405 1164 486 debilius
1183 407 1241 487 est
1260 409 1431 488 affirma-

276 539 331 613 to,
353 519 584 627 particulare
604 520 792 625 generali,
813 520 1045 626 contingens
1065 518 1289 599 necessario.
1351 521 1432 600 Re-

274 632 375 739 gulae
396 651 529 710 autem
550 633 648 710 ratio
668 629 737 724 est,
753 632 846 738 quia
866 631 1061 711 conclusio
1077 631 1132 711 est
1152 632 1433 741 praemissarum

276 744 383 851 quas1
402 742 615 822 effedtum:
647 743 803 822 nullum
820 762 954 823 autem
973 741 1161 823 effectum
1181 743 1239 823 est
1259 763 1344 824 toto
1364 773 1432 851 ge-

276 882 367 935 nere
386 855 544 962 dignius
564 872 631 934 aut
650 853 790 934 fortius
818 854 883 933 sua
909 855 1033 935 causa.
1094 856 1216 935 Fallit
1242 885 1341 964 ergo
1368 855 1432 937 hic

274 968 580 1076 paralogismus:
611 967 679 1075 qui
701 996 771 1047 non
799 966 928 1074 dffert
955 966 981 1047 ὰ
1007 966 1131 1060 bruto,
1151 966 1335 1076 differte}
1363 970 1430 1048 So·

266 1072 548 1187 p'hronffcifilio
560 1110 575 1156 :
607 1080 779 1159 Socrates
797 1107 867 1158 non
885 1078 1016 1188 diffirt
1034 1078 1060 1158 d
1080 1079 1431 1189 Sophroniscifilim

274 1219 360 1299 ergo
384 1189 498 1272 nond
524 1189 647 1270 bruto.
707 1193 806 1271 Haec
831 1191 1028 1271 conclusio
1054 1219 1133 1271 non
1162 1190 1355 1301 sequitur,
1375 1195 1432 1275 uti

274 1303 426 1399 debuit,
459 1303 763 1413 assumptionem
795 1322 998 1411 negatum,
1026 1301 1090 1382 sed
1122 1305 1432 1413 propofitionem

276 1416 536 1496 affirmatam:
568 1434 608 1495 et
634 1417 743 1495 enim
770 1444 838 1496 non
865 1414 994 1524 dfflrt
1012 1413 1038 1494 d
1056 1414 1165 1496 bruto
1184 1444 1264 1496 non
1284 1446 1432 1528 propo·

276 1527 422 1609 fitionis
441 1530 576 1623 totino,
597 1526 661 1607 sed
686 1526 948 1607 antecedentis
972 1528 1162 1608 duntaxat
1181 1529 1264 1635 ejus
1285 1530 1343 1609 est
1363 1559 1431 1611 ne-

274 1643 405 1746 gatio:
437 1637 623 1747 idemque
643 1640 760 1733 valet,
781 1639 854 1719 acsi
881 1640 1121 1719 affirmatum
1145 1640 1197 1720 fic
1219 1639 1314 1722 esset
1327 1674 1339 1737 3
1369 1644 1435 1753 qui

274 1750 366 1831 idem
392 1752 543 1862 estcum
565 1751 688 1860 bruto.
747 1753 933 1860 Sequitur
965 1769 1097 1831 autem
1127 1753 1326 1834 conclusio
1358 1756 1431 1835 sive

275 1863 513 1973 consequens
542 1883 694 1974 partem
721 1864 984 1944 antecedentis
1011 1882 1193 1974 negatam
1219 1892 1300 1945 non
1328 1867 1432 1947 affir-

277 1995 439 2072 matam,
460 1977 553 2085 quia
584 1977 610 2055 si
636 1993 764 2084 partes
790 1976 1046 2055 conclusronis
1077 2004 1156 2056 non
1182 1976 1433 2060 consentiunt

277 2091 318 2168 in
338 2107 572 2195 argumento
593 2088 722 2180 tertio,
737 2115 815 2166 non
835 2087 1081 2167 consentiunt
1094 2089 1197 2168 inter
1215 2088 1279 2168 se:
1302 2090 1433 2200 sequi-

277 2220 341 2280 tur
372 2220 524 2310 partem
556 2198 778 2309 specialem,
814 2228 893 2280 non
922 2199 1162 2306 generalem,
1182 2202 1279 2309 quia
1309 2230 1434 2311 genus

276 2313 477 2393 concludit
508 2312 694 2421 speciem,
728 2338 806 2390 non
837 2312 982 2421 species
1012 2339 1159 2421 genus;
1184 2313 1303 2418 juxta
1335 2315 1435 2396 illud

276 2425 448 2534 superius
468 2426 619 2504 dietum
638 2423 681 2503 de
699 2424 797 2503 omni
811 2442 848 2503 et
866 2424 951 2503 null
968 2484 977 2502 .

335 2536 567 2645 Syllogffmus
571 2535 730 2644 simplex
745 2532 944 2645 (nimirum
956 2536 1023 2645 qui
1032 2537 1314 2647 exstmplicibus
1327 2540 1434 2620 oxio-

277 2648 389 2727 matis
408 2644 573 2757 constat)
596 2647 728 2757 estoel
737 2648 938 2755 generalis,
964 2649 1031 2728 vel
1040 2649 1232 2757 specialis,
1260 2653 1331 2731 uel
1345 2672 1436 2764 pro-

304 2789 397 2840 reus.

237 2930 240 2934 -
272 2779 303 2870 p
339 2870 532 2952 Generalis
551 2872 571 2951 i
582 2871 823 2981 propofitione
842 2888 878 2951 et
896 2871 1132 2982 offumptione
1145 2874 1403 2980 generalibus.

336 2986 432 3066 Non
446 3011 495 3063 ex
508 2985 681 3090 generali
695 2986 815 3063 etiam
827 2984 1138 3078 conclusrone,ut
1151 2984 1304 3095 patebit
1316 2987 1433 3069 infra.

336 3096 515 3206 Specialis
533 3096 582 3204 est
601 3125 646 3175 ex
664 3096 789 3176 altera
808 3113 955 3176 tantum
969 3097 1150 3203 generali.

335 3211 433 3288 Haec
451 3210 559 3287 enim
574 3207 709 3316 regula
721 3207 937 3287 firmiffima
952 3236 1110 3317 quoque
1127 3207 1197 3301 est,
1210 3238 1257 3288 ex
1272 3228 1437 3320 utraque

273 3320 461 3429 praemtffie
477 3320 715 3429 particulari
735 3319 833 3401 nihil
851 3319 1096 3400 concluditur.
1156 3321 1301 3429 Exigit
1326 3324 1437 3403 enim

280 3433 432 3511 diuum
456 3431 499 3512 de
522 3432 619 3512 omni
639 3450 676 3511 et
699 3432 797 3512 nullo
828 3451 982 3541 partem
1012 3433 1278 3514 antecedentis
1311 3462 1435 3515 unam

279 3544 415 3624 saltem
434 3545 683 3652 generalem:
715 3572 788 3623 nec
808 3571 887 3622 non
903 3545 942 3622 in
963 3544 1114 3626 duabus
1133 3546 1436 3654 particularibus

278 3677 446 3766 quatuor
465 3656 552 3736 sunt
572 3656 755 3736 termini:
787 3653 880 3734 cum
896 3657 1003 3735 enim
1019 3657 1234 3750 individua,
1255 3686 1345 3767 quae
1363 3687 1436 3739 vo-

278 3790 383 3865 cant,
410 3799 526 3876 vago,
550 3769 800 3877 particulares
826 3769 1106 3877 propofitiones
1130 3767 1296 3865 faciunt,
1320 3770 1367 3851 fit
1389 3790 1436 3852 ut

279 3883 327 3960 de
348 3883 423 3961 alio
443 3880 614 3986 subjecto
634 3879 772 3986 major,
793 3878 842 3959 de
861 3881 938 3959 alio
959 3882 1090 3961 minor
1112 3878 1195 3961 ferd
1218 3881 1433 3991 loquatur:

280 4013 337 4085 ut,
359 3990 533 4103 quoddam
551 3992 694 4072 animal
707 3991 756 4101 est
768 3993 893 4071 homo:
924 3991 1099 4100 quoddam
1116 3992 1261 4073 animal
1273 3995 1325 4103 est
1342 3994 1437 4077 bru·

279 4123 386 4197 tum:
415 4132 501 4211 ergo
530 4103 704 4212 quoddam
732 4102 884 4183 brutum
912 4104 961 4212 est
989 4106 1101 4185 homo.
1159 4105 1322 4214 Quidam
1336 4105 1438 4214 sunt

278 4216 442 4298 diuites:
471 4215 618 4325 quidam
632 4216 730 4322 stent
762 4214 863 4295 delli
874 4246 888 4307 ,·
922 4244 1009 4323 ergo
1037 4217 1187 4327 quidam
1219 4217 1322 4301 domi
1335 4219 1438 4328 stent

280 4329 427 4411 diuites.

337 4440 524 4550 Proprius
543 4439 590 4548 est
609 4470 654 4520 ex
675 4458 833 4550 utraque
846 4441 1019 4548 proprio.
