2956 4980
404 109 568 204 Literae
594 103 787 204 Oliverii
813 111 1103 205 Protettoris.
1251 152 1331 234 247

214 555 418 637 Oliverius
439 507 637 636 Protellor
657 557 764 666 Reip.
787 556 958 664 Angliae,
974 574 1045 637 etc.
1070 557 1288 663 Serenffmo

397 668 577 777 Principi
594 665 891 777 Tratfflvaniae‚
913 666 1101 749 Salutem.
1361 670 1366 679 ’

257 831 504 910 Sereniffime
525 831 728 940 Princeps,

265 954 305 1032 X
326 952 449 1034 literis
468 953 601 1033 vestris
607 953 716 1060 sexto
735 953 865 1034 decimo
886 953 1110 1034 Novembris
1133 955 1182 1034 16
1187 980 1253 1062 54.
1275 957 1324 1036 ad

292 1092 362 1145 nos
386 1066 500 1161 datis,
527 1066 764 1173 fingularem
792 1092 883 1172 erga
915 1094 984 1145 nos
1009 1067 1324 1149 benevolentiam

162 1174 339 1256 vestram
358 1196 475 1286 atque
497 1178 669 1258 studium
685 1176 978 1286 perspeximus;
1001 1199 1040 1258 et
1054 1179 1323 1260 Internuntius

160 1286 297 1367 vester
325 1291 396 1397 qui
430 1289 514 1370 illas
549 1290 661 1370 nobis
692 1290 820 1369 literas
844 1289 955 1369 dedit
985 1289 1033 1369 de
1058 1290 1323 1371 contrahenda

159 1398 375 1481 nobiscum
407 1398 588 1482 societate
619 1420 659 1481 et
683 1402 858 1481 amicitia
884 1402 1127 1481 voluntatem
1155 1402 1322 1483 vestram

160 1510 343 1620 amplilrs
376 1540 510 1593 coram
543 1511 737 1622 exposuit.
813 1513 901 1593 Nos
936 1511 1041 1592 certe
1078 1513 1321 1595 occafionem

160 1619 272 1704 banc
301 1625 376 1705 effe
414 1625 561 1720 datam,
594 1625 698 1704 unde
732 1623 907 1704 nostrum
939 1652 1098 1733 quoque
1130 1653 1222 1733 erga
1252 1655 1321 1709 vos

161 1736 352 1816 animum
370 1755 409 1817 et
432 1739 569 1846 quanti
595 1736 879 1817 Celsrtudinem
903 1737 1069 1816 vestram
1093 1736 1238 1817 meritb
1261 1736 1321 1819 fa-

160 1849 320 1928 ciamus
357 1849 551 1930 declarare
586 1867 703 1957 atque
740 1848 941 1928 ostendere
974 1849 1175 1958 possimus,
1197 1847 1320 1952 ‚haud

162 1960 422 2041 mediocriter
460 1959 547 2042 sane
582 1962 813 2067 gaudemusr
873 1961 979 2041 Cum
1015 1981 1149 2041 autem
1181 1961 1319 2043 Vestra

163 2072 207 2152 in
228 2073 538 2183 Rempublicam
561 2071 826 2152 Christianam
845 2072 1026 2182 praeclara
1045 2074 1185 2153 merita
1208 2074 1318 2153 labo-

165 2184 304 2293 resque
335 2184 498 2294 suscepti
529 2185 578 2264 ad
610 2212 680 2264 nos
710 2184 830 2293 usque
861 2183 966 2264 famia
1000 2187 1247 2293 pervenerint
1277 2206 1318 2266 et

126 2380 133 2390 ,
164 2293 248 2376 haec
267 2298 402 2376 omnia
420 2293 579 2390 certilrs,
595 2317 635 2377 et
653 2326 739 2404 quae
758 2296 928 2405 amplius
944 2298 999 2375 rei
1018 2295 1240 2404 Christianae
1253 2298 1317 2377 vel

165 2407 419 2489 defendendae
438 2409 500 2488 vel
516 2410 791 2518 promovendae
803 2409 916 2488 causa
935 2404 1124 2489 inanimo
1144 2407 1318 2490 habeatis

167 2520 370 2602 Celfitudo
388 2521 513 2601 vestra
531 2522 607 2600 suis
627 2522 749 2600 literis
767 2523 1060 2601 communicata
1084 2522 1195 2603 nobis
1215 2522 1317 2601 ami·

165 2631 315 2713 cillime
341 2633 524 2726 voluerit,
552 2661 598 2713 ea
625 2634 849 2713 uberiorem
872 2633 1027 2744 insuper
1050 2635 1202 2714 laetandi
1231 2663 1317 2714 ma-

166 2746 306 2825 teriam
322 2746 433 2825 nobis
449 2744 613 2825 attulere
629 2775 638 2823 :
662 2746 797 2824 Deum
811 2773 954 2855 nempe
970 2747 1017 2825 iis
1035 2746 1075 2824 in
1091 2747 1316 2853 regionibus

165 2857 346 2938 excitasse
366 2858 437 2937 fibi
456 2878 536 2937 tarn
557 2877 760 2966 potentem
781 2876 897 2966 atque
917 2858 1124 2965 egregium
1139 2858 1212 2936 suae
1230 2856 1316 2964 glo-

165 2971 228 3050 riae
248 2998 294 3050 ac
313 2971 565 3078 providentiae
587 2969 838 3063 ministrum;
867 2970 951 3076 qui,
977 2997 1072 3049 cum
1091 2970 1234 3048 virtute
1254 2988 1314 3049 at-

164 3109 241 3190 que
281 3083 399 3161 armis
438 3099 591 3162 tantum
629 3082 757 3191 poffit,
796 3081 845 3161 de
884 3082 1074 3189 religione
1107 3081 1314 3162 communi

165 3193 456 3300 Protestantium
473 3195 630 3287 tuenda,
646 3195 712 3274 cui
732 3222 836 3273 nunc
855 3194 1030 3302 undique
1052 3191 1154 3274 male
1173 3212 1213 3274 et
1232 3193 1314 3273 dic-

164 3323 253 3387 tum
272 3326 313 3386 et
331 3305 481 3387 fadum
497 3305 569 3400 est,
587 3306 791 3385 nobiscum
811 3302 887 3384 unit
903 3306 1045 3386 sociare
1064 3306 1223 3386 consrlia
1241 3334 1316 3385 cu·

162 3419 259 3527 piat.
291 3418 403 3497 Deus
420 3436 552 3497 autem
568 3419 638 3527 qui
651 3418 822 3527 utrisque
838 3417 950 3497 nobis
967 3417 1117 3496 tametsi
1134 3419 1312 3498 locorum

160 3529 367 3611 intervallo
396 3549 476 3609 tam
503 3528 620 3638 longb
644 3530 859 3635 disjunctis,
890 3530 1061 3610 eundem
1089 3530 1311 3637 Religionis

162 3641 410 3723 Orthodoxae
437 3641 689 3722 defendendae
713 3642 886 3721 studium
908 3662 1026 3750 atque
1049 3643 1228 3721 animum
1251 3643 1313 3721 in·

152 3754 268 3860 jecit,
288 3754 457 3836 dubium
475 3781 552 3833 non
569 3754 624 3834 est
639 3754 737 3862 quin
753 3782 889 3833 earum
904 3755 1097 3863 praecipue
1113 3755 1312 3833 rationum
1444 3850 1447 3855 ⁵

159 3866 304 3947 author
322 3866 435 3946 nobis
454 3865 609 3947 futurus
629 3866 688 3960 fit,
709 3866 813 3945 unde
833 3885 872 3945 et
888 3865 1000 3945 nobis
1015 3884 1055 3944 et
1070 3866 1171 3944 inter
1184 3893 1254 3946 nos
1273 3885 1313 3945 et

162 3978 490 4060 Reformatorum
503 3979 663 4087 reliquis
677 3979 921 4087 principibus
936 4005 981 4057 ac
994 3977 1218 4058 civitatibus
1239 3975 1312 4057 hac

159 4092 202 4172 in
220 4119 261 4171 re
277 4092 456 4171 maximo
471 4089 544 4170 elle
557 4090 784 4196 adjumento
795 4109 913 4198 atque
927 4089 1012 4168 usui
1029 4089 1228 4198 polimus,
1242 4118 1312 4170 oc-

158 4203 378 4285 casionibus
396 4201 501 4283 certe
522 4203 706 4283 omnibus
727 4205 882 4297 intenti,
904 4203 931 4282 si
950 4230 1045 4312 quae
1062 4203 1173 4281 Deus
1193 4201 1311 4282 obtu-

157 4316 264 4410 lerit,
278 4315 325 4396 iis
338 4315 446 4423 quod
459 4316 507 4395 ad
525 4343 593 4394 nos
606 4317 758 4411 attinet,
771 4316 912 4395 eodem
927 4318 1017 4395 Deo
1029 4312 1129 4394 bene
1135 4313 1311 4419 juvante,
1384 4341 1389 4353 ’
