2956 4980
529 302 532 307 ·
566 242 692 337 Artis
719 243 905 371 Logicae
1100 232 1207 333 Lib.
1232 277 1263 329 ι.
1320 192 1323 197 ¹

457 690 583 768 CAP.
614 690 709 771 VII.
769 691 833 769 De
853 690 1004 769 Forma.

172 884 179 897 '
228 881 251 991 J
265 881 346 1033 A&
357 863 474 969 Ausae
494 862 659 972 primum
678 891 794 970 genus
817 860 990 968 ejusmodi
1007 861 1057 970 est
1074 861 1114 941 in
1138 859 1299 970 ffciente

177 1031 183 1048 ,
250 1025 267 1071 0
345 993 421 1081 ‚et
439 976 624 1056 materia:
639 973 843 1081 secundum
858 973 1036 1083 sequitur
1061 974 1099 1055 r'n
1114 974 1248 1080 forma
1269 989 1300 1049 et

214 1085 217 1101 ’
370 1087 467 1194 stne.
512 1088 620 1196 Qia
634 1086 780 1167 scilicet
795 1087 932 1165 ordine
947 1085 1207 1195 temporisest
1222 1080 1300 1193 pos·
1344 1128 1346 1149 ι

387 1199 519 1279 terius.
577 1200 763 1280 Efficiens
782 1200 891 1277 enim
910 1217 949 1277 et
968 1196 1132 1278 materia
1149 1196 1221 1276 sub
1240 1222 1301 1303 ge·

159 1338 252 1391 nere
271 1312 401 1424 priore
421 1313 685 1405 continentur,
705 1309 812 1420 quod
832 1312 873 1390 in
893 1310 1033 1391 effecto
1052 1307 1300 1419 producendo

159 1423 406 1533 praecedunt;
431 1423 559 1505 forma
583 1444 623 1504 et
648 1422 736 1503 finis
756 1422 824 1502 sub
845 1423 1070 1532 posteriore,
1094 1419 1206 1529 quod
1224 1419 1302 1500 effi·

158 1537 330 1634 cientem
360 1554 400 1615 et
428 1537 634 1617 materiam
659 1535 872 1644 sequuntur
891 1530 1158 1642 effedifimque
1178 1531 1302 1643 ipsum

158 1649 420 1727 comitantur:
441 1648 583 1755 -pofitis
603 1649 710 1727 enim
730 1648 940 1742 efficiente,
965 1667 1005 1726 et
1028 1645 1207 1740 materia,
1232 1670 1304 1725 non

160 1758 349 1838 continuo
365 1758 577 1866 sequuntur
596 1759 723 1840 forma
742 1780 783 1840 et
795 1759 900 1839 finis:
923 1760 1094 1839 efficiens
1113 1759 1225 1838 enim
1242 1756 1304 1837 etfi

160 1872 323 1950 materia
345 1871 528 1979 suppetit,
559 1870 687 1951 forma
711 1891 842 1951 tamen
867 1892 907 1951 et
931 1871 1007 1951 fine
1032 1870 1100 1951 suo
1125 1896 1303 1950 nonnun-

160 2012 282 2091 quam
301 1981 528 2077 frustratur;
562 1983 688 2064 forma
707 2004 747 2064 et
770 1984 858 2064 finis
886 1984 915 2063 fi
940 1984 1049 2078 adfit,
1076 1982 1228 2063 neceffe
1254 1980 1304 2061 est

160 2096 397 2174 efficientem
415 2114 455 2174 et
482 2099 688 2176 materiam
713 2095 839 2175 fuisse.
901 2097 986 2206 Qi
1011 2114 1145 2175 autem
1170 2096 1212 2174 in
1240 2093 1303 2174 usu

160 2206 383 2286 observatur
412 2207 507 2286 ordo
536 2208 751 2303 causarum,
781 2209 889 2287 idem
918 2207 1035 2288 debet
1063 2208 1104 2287 in
1133 2207 1305 2287 dodtrina

159 2348 317 2428 quoque
338 2319 544 2398 observari.
604 2322 695 2400 Nec
723 2341 854 2399 tamen
874 2321 971 2399 ordo
994 2319 1064 2399 iste
1091 2320 1140 2399 ad
1163 2319 1304 2399 consti-

161 2432 304 2511 tuenda
316 2431 518 2511 causarum
534 2460 676 2539 genera
692 2432 777 2512 satis
791 2431 908 2525 valet,
921 2432 985 2511 sed
1000 2431 1106 2511 aliud
1119 2431 1308 2540 quiddam

93 2574 95 2579 ’
160 2543 267 2651 quod
287 2545 447 2622 nomine
464 2563 581 2624 caret.
624 2545 744 2623 Unde
764 2543 907 2624 meriti>
927 2572 1006 2624 non
1025 2543 1112 2624 satis
1131 2562 1307 2624 accurata

159 2654 314 2734 videtur
332 2656 400 2734 illa
416 2654 617 2735 causarum
637 2656 874 2750 distributio,
887 2685 972 2765 quae
991 2655 1308 2766 afferturArrsto·

159 2766 256 2860 telis,
273 2767 314 2845 in
333 2766 461 2846 causas
482 2767 544 2846 vel
563 2768 750 2847 effectum
769 2769 1042 2879 praecedentes,
1069 2786 1114 2847 ut
1137 2767 1311 2848 efficien-

161 2898 243 2960 tem
262 2898 302 2960 et
320 2880 550 2974 materiam;
576 2882 638 2959 vel
661 2909 755 2960 cum
782 2879 923 2959 effecto
950 2880 1064 2959 fimul
1087 2880 1311 2974 existentes,

162 3011 206 3071 ut
226 2991 395 3071 formam
416 3011 456 3073 et
476 2991 622 3072 finem:
655 3012 736 3072 tarn
757 2993 825 3072 etsr
850 2994 958 3071 enim
984 2989 1066 3072 haec
1088 2992 1311 3073 distributio

160 3104 340 3183 ordinem
360 3104 562 3184 causarum
582 3105 718 3199 servat,
736 3124 913 3185 naturam
931 3125 1061 3184 tamen
1078 3131 1216 3184 earum
1233 3132 1312 3184 non

160 3214 391 3322 distinguit;
417 3218 544 3296 immo
563 3217 683 3297 causae
704 3244 830 3325 neque
850 3219 1047 3310 convenit,
1068 3243 1197 3325 neque
1219 3244 1313 3326 pro·

161 3326 246 3432 pria
264 3327 339 3406 est:
362 3355 438 3406 non
456 3330 654 3422 convenit,
676 3330 767 3436 quia
787 3328 897 3409 causa
913 3328 1110 3437 quaelibet,
1125 3346 1170 3407 ut
1184 3327 1314 3422 causa,

161 3466 239 3517 non
260 3440 454 3546 praecedit,
476 3439 539 3519 sed
555 3469 648 3520 cum
668 3440 808 3520 effecto
829 3440 943 3520 fimul
963 3442 1032 3521 est.
1083 3441 1316 3520 Pnecedunt

160 3568 294 3629 autem
315 3570 514 3658 utcunque
533 3552 704 3632 efficiens
724 3573 763 3630 et
780 3554 943 3631 materia
959 3552 1146 3632 effectum
1161 3552 1225 3633 vel
1245 3580 1316 3632 na·

160 3680 254 3742 turae
273 3663 424 3757 ordine,
446 3664 506 3742 vel
528 3665 739 3772 temporis:
763 3664 789 3741 fi
811 3664 1025 3758 naturae,id
1045 3682 1198 3743 etcum
1221 3664 1313 3744 reli-

162 3775 377 3880 quiscaufis
390 3795 528 3855 etcum
542 3774 1314 3882 subjectisomnibuscommunehabent;

160 3885 187 3964 fi
202 3890 403 3995 temporis,
413 3886 488 3966 hoc
501 3888 686 3967 efficienti
698 3908 737 3968 et
750 3890 920 3967 materiae
936 3916 1062 3998 neque
1074 3890 1187 3967 omni
1199 3915 1316 3968 com-

161 4025 281 4077 mune
301 4000 356 4077 est
378 4000 572 4108 (quaedam
592 4003 700 4081 enim
720 4029 813 4079 curn
833 3999 975 4080 effecto
996 4029 1074 4081 non
1100 4001 1171 4080 nisr
1195 4000 1314 4080 simul

160 4110 262 4217 sunt)
300 4139 427 4221 neque
460 4111 546 4192 solis
587 4115 632 4192 iis
672 4113 902 4222 proprium}
944 4140 1035 4191 nam
1069 4131 1110 4193 et
1144 4112 1316 4218 subjecta

161 4223 347 4331 pleraque
377 4224 564 4330 adjundtis
592 4224 666 4304 suis
697 4245 874 4333 tempore
902 4227 1031 4333 priora
1058 4225 1158 4304 sunt.
1222 4226 1316 4306 Nec

160 4333 330 4415 foelicii1s
349 4334 397 4413 ab
417 4336 559 4415 eodem
578 4338 662 4417 Ari
688 4338 777 4416 otele
795 4336 1024 4416 dividuntur
1042 4333 1162 4417 causae
1182 4338 1222 4416 in
1243 4366 1317 4417 ex-

160 4467 301 4542 ternas,
328 4447 565 4528 efficientem
591 4468 631 4529 et
658 4449 778 4529 finem
793 4479 803 4541 ;
832 4467 873 4528 et
900 4450 1084 4543 internas,
1105 4450 1316 4531 materiam
