2956 4980
392 226 555 322 Literae
583 221 775 323 Oliverii
801 229 1091 329 Proteuoris.
1238 265 1313 344 24¹

161 400 276 483 nobis
302 403 378 483 effe
403 404 658 512 gratiffimam
686 405 796 484 omni
822 406 971 484 ratione
995 403 1219 515 persuasum
1243 402 1316 483 eise

162 516 274 595 vobis
285 518 496 625 cupimus;
529 520 762 625 nullumque
779 516 890 596 nobis
902 519 1106 626 pulchrius
1118 536 1314 597 certamen

164 621 263 722 fore,
292 625 415 737 quam
441 649 485 710 ut
509 631 675 710 vestram
699 630 989 709 humanitatem
1015 630 1152 710 nostris
1175 628 1316 709 officiis

162 740 272 819 nullo
292 760 472 850 tempore
491 741 699 834 defuturis,
721 741 747 819 fi
769 741 808 819 id
826 741 951 850 potest
971 741 1071 836 fieri,
1093 744 1312 822 vincamus,

250 853 307 932 W
300 853 571 962 estmonasterio,
588 853 644 935 die
663 878 689 955 4
710 852 829 960 Julii,
858 855 904 932 16
910 878 975 959 54.

388 965 605 1072 Majestatis
623 966 755 1045 vestrae
774 965 1075 1045 Studiofiffimus

544 1077 750 1170 Oliverius,
772 1078 946 1185 Reipub.
969 1077 1139 1185 Angliae,
1161 1075 1312 1166 Scotiae,

663 1189 881 1284 Hiberniae,
898 1193 973 1271 ἃς.
996 1191 1210 1270 Ρτοῐεᾶοῐ.

194 1459 426 1570 illustrifflmo
445 1462 602 1543 Domino
623 1464 827 1544 Ludovico
848 1463 1066 1543 Mendezio
1086 1463 1135 1542 de
1157 1461 1282 1540 Haro.

264 1636 360 1716 Uod
383 1637 518 1746 accepi
542 1665 592 1718 ex
618 1637 738 1717 literis
763 1641 854 1731 tuis,
882 1637 1116 1746 Illustrfflme
1141 1635 1312 1730 Domine,

297 1748 556 1829 constitutum
580 1778 625 1829 ac
649 1752 900 1830 nominatum
920 1751 1008 1856 jam
1032 1749 1105 1829 effe
1129 1748 1177 1828 ab
1202 1751 1314 1827 Sere-

165 1858 319 1940 niffimo
338 1861 609 1970 Hispaniarum
630 1863 742 1969 Rege
760 1864 972 1969 Legatum,
993 1863 1063 1969 qui
1078 1861 1126 1940 de
1143 1859 1314 1969 suscepta

163 1964 185 2048 i
212 1998 281 2051 me
310 1974 529 2080 Anglicana
557 1974 779 2083 Republica
808 1974 1047 2081 gratulatum
1075 1970 1154 2053 huc
1182 1974 1314 2082 primo

162 2106 323 2192 quoque
343 2103 521 2195 tempore
540 2088 715 2181 veniret;
746 2083 841 2166 cinn
856 2085 912 2164 est
929 2083 1071 2164 merite
1087 2113 1157 2194 per
1170 2085 1207 2163 se
1224 2111 1315 2191 gra·

162 2212 266 2290 tum,
288 2193 376 2278 titm
396 2217 439 2277 tu
459 2198 515 2291 id,
535 2200 606 2306 qui
626 2226 675 2277 ex
693 2216 730 2277 te
752 2197 949 2307 imprimis
968 2194 1045 2275 hoc
1065 2225 1130 2276 me
1149 2195 1313 2303 cognos-

160 2332 249 2387 cere
278 2310 449 2404 voluisti,
480 2330 525 2390 ut
552 2310 644 2389 effet
673 2309 775 2389 mihi
802 2310 1003 2417 aliquanto
1027 2310 1174 2414 gratius
1197 2327 1314 2414 atque

156 2416 385 2523 jucundius,
406 2422 590 2528 fingulari
606 2441 674 2502 tuo
694 2422 821 2502 studio
841 2441 957 2528 atque
977 2420 1098 2500 officii
1118 2419 1315 2500 celeritate

161 2529 341 2612 effecisti.
402 2535 467 2612 Sic
492 2535 600 2612 enim
619 2534 734 2641 diligi
755 2552 871 2640 atque
897 2534 1054 2642 probari
1081 2561 1145 2612 me
1172 2532 1314 2623 abste,

160 2645 231 2750 qui
251 2644 396 2723 virtute
418 2665 484 2725 tua
503 2663 620 2753 atque
645 2647 852 2754 prudentia
873 2663 1021 2724 tantam
1037 2644 1141 2754 apud
1158 2645 1315 2750 Regem

161 2771 278 2834 tuum
301 2754 581 2836 authoritatem
606 2758 678 2835 tibi
710 2757 938 2850 conciliasti,
969 2776 1013 2835 ut
1040 2756 1101 2835 vel
1127 2756 1315 2834 maximis

160 2865 270 2946 illius
291 2869 424 2975 Regni
452 2870 620 2976 negotiis
641 2896 709 2977 par
729 2869 862 2949 animo
885 2869 1023 2976 praesrs,
1045 2867 1149 2946 haud
1170 2866 1316 2946 minori

160 2976 342 3087 profectu
368 2978 472 3060 mihi
499 2981 693 3090 voluptati
719 2981 837 3060 debet
862 2980 951 3073 effe,
972 2976 1092 3087 quiem
1115 2977 1315 3083 judicium

160 3090 458 3198 praestantissimi
471 3093 545 3171 viri
559 3111 789 3172 ornamento
803 3091 903 3171 mihi
917 3091 1096 3197 intelligo
1109 3087 1206 3168 fore.
1248 3089 1314 3166 De

159 3228 254 3282 meo
285 3222 420 3284 autem
449 3205 489 3282 in
521 3204 816 3283 Sereniffimum
852 3202 1122 3311 Hispaniarum
1157 3203 1315 3307 Regem

161 3313 356 3422 propenso
371 3315 520 3407 animo,
536 3334 576 3394 et
591 3318 638 3394 ad
653 3316 868 3396 amicitiam
885 3342 979 3394 cum
995 3313 1066 3392 isto
1083 3339 1205 3420 regno
1220 3339 1315 3391 con-

159 3423 404 3520 servandam,
424 3447 542 3534 atque
562 3428 683 3508 etiam
707 3427 830 3506 indies
857 3425 1128 3532 exaugendam
1141 3439 1315 3534 'promp-

161 3537 323 3631 riffimo,
345 3560 384 3619 et
404 3537 498 3618 huic
517 3540 587 3646 qui
608 3567 712 3618 nunc
728 3538 833 3618 adest
849 3539 1000 3644 Legato
1016 3535 1233 3616 satisfecisse
1250 3564 1315 3615 me

161 3647 292 3757 spero,
317 3668 357 3729 et
379 3650 506 3743 alteri,
527 3647 621 3729 ciun
645 3652 859 3742 advenerit,
879 3647 1078 3728 cumulate
1102 3647 1315 3727 satisfactu-

159 3787 267 3846 rum.
310 3761 376 3840 De
387 3782 540 3855 cetero,
558 3761 794 3868 Illustrifflme
809 3761 980 3853 Domine,
992 3788 1070 3868 qua
1086 3787 1189 3838 nunc
1204 3759 1316 3839 flores

161 3872 270 3981 apud
289 3900 425 3980 regem
446 3893 562 3953 tuum
580 3876 772 3981 dignitate
793 3900 838 3952 ac
863 3873 1000 3979 gratia,
1026 3898 1114 3951 eam
1133 3870 1205 3949 tibi
1226 3898 1316 3979 per-

158 4003 326 4092 petuam
340 4003 511 4094 exopt03
543 3987 715 4094 quasque
744 4013 802 4065 res
826 3985 929 4091 geris
953 3984 1057 4061 bono
1087 3983 1248 4091 publico
1276 4000 1317 4061 et

161 4095 426 4192 administras,
446 4097 537 4177 volo
558 4098 628 4177 tibi
650 4095 829 4207 prospere
850 4095 1095 4202 feliciterque
1115 4096 1285 4175 evenire.

249 4206 360 4288 Albe
378 4209 502 4303 Auld,
525 4209 748 4318 Septembris
764 4208 834 4300 die,
862 4208 910 4286 16
916 4232 981 4312 54.
1145 4290 1148 4295 ,

319 4320 610 4431 Amplitudinis
627 4341 701 4400 tuae
721 4317 985 4399 Illustriffimae
1001 4314 1317 4406 Studiofiffimus,

506 4432 713 4523 Oliverius,
733 4433 933 4512 ProteCior
953 4426 1127 4536 Reipub.
1148 4425 1318 4533 Angliae,

681 4543 831 4635 Scotiae,
854 4539 1070 4629 Hibernia,
1092 4540 1167 4616 &c

755 4681 779 4733 a
