2956 4980
350 230 513 326 Literae
538 226 733 328 Oliverii
757 235 1048 331 Protectoris.
1213 271 1287 356 271

178 580 383 662 Oliverius
404 584 604 664 Preterior
624 585 733 692 Reip.
754 585 927 691 Angliae,
948 586 1027 666 &a
1050 587 1184 668 Sereni
1217 617 1272 669 mo

373 694 552 804 Principi
567 697 713 801 Joanni
733 697 942 802 Lusttam'ae
962 698 1072 806 Regi.

230 881 476 960 Sereniffime
498 883 604 975 Rex,

239 994 326 1072 Um
345 994 629 1074 mercatoribus
648 993 883 1101 quibusdam
902 994 1044 1101 Anglis
1063 990 1298 1076 *anonnullis

266 1106 548 1185 mercatoribus
577 1106 768 1210 Lufitanis
799 1134 849 1184 ex
878 1106 1058 1187 societate
1087 1107 1303 1211 Brastlienst

140 1219 310 1297 veeturae
339 1217 739 1325 commorationisque
771 1220 933 1297 nomine
964 1221 1072 1299 Ann.
1113 1221 1230 1325 1649.
1259 1238 1300 1300 et

146 1329 196 1408 16
202 1354 271 1435 50.
293 1330 450 1436 grandis
474 1330 641 1438 pecunia
664 1330 866 1422 debeatur,
886 1358 972 1439 quae
997 1332 1164 1438 pecunia
1186 1328 1209 1410 a
1234 1330 1298 1412 sn-

140 1442 320 1550 pradicta
343 1441 525 1521 societate
544 1441 648 1547 juffu
676 1442 892 1546 Majestatis
920 1441 1067 1521 Vestrae
1092 1443 1298 1537 retinetur,

141 1553 405 1662 expectabant
424 1554 589 1663 quidem
609 1554 704 1633 dieti
725 1572 959 1634 mercatores
979 1555 1037 1633 uti
1058 1581 1104 1632 ea
1130 1556 1298 1662 pecunia

141 1692 194 1744 ex
209 1666 504 1745 conditionibus
518 1667 693 1774 proximi
682 1663 866 1745 foederis
879 1665 1121 1774 jampridem
1138 1665 1207 1745 fibi
1223 1694 1298 1745 nu-

143 1796 295 1857 metata
308 1778 414 1858 effet
459 1775 614 1857 Verum
627 1805 674 1856 ne
690 1796 919 1886 amputetur
932 1778 1002 1856 fibi
1015 1778 1097 1890 spes
1110 1805 1240 1858 omnis
1254 1806 1299 1859 ac

143 1890 245 1969 ratio
265 1889 521 1998 recuperandi
541 1890 606 1969 sua
625 1889 757 1969 debita
770 1909 967 1982 verentur,
988 1918 1038 1968 ex
1054 1917 1135 1998 quo
1151 1890 1299 1970 intelli·

143 2019 245 2109 gunt
257 2001 423 2082 statuiffe
439 2002 690 2108 Majestatem
702 2001 885 2080 Vestram
897 2021 1075 2130 utquam
1088 2004 1300 2111 pecuniam

145 2112 280 2218 Brafil
277 2114 380 2219 ienſss
390 2114 550 2194 societas
563 2114 651 2222 ipfis
663 2112 893 2207 debuiffet,
883 2142 924 2193 ιιι
935 2115 1115 2195 aerarium
1128 2115 1301 2194 vestrum

146 2223 374 2319 inferretur,
395 2245 516 2335 utque
542 2226 708 2334 portorii
732 2225 898 2305 dimidia
923 2253 1010 2334 pars
1034 2224 1224 2305 solvendis
1252 2227 1299 2306 iis

145 2337 289 2417 debitis
312 2338 629 2447 impenderetur;
661 2354 777 2444 atque
809 2335 886 2416 hoc
917 2342 1031 2445 pacto
1062 2355 1298 2417 mercatores

146 2447 376 2579 legitimum
394 2450 585 2529 duntaxat
604 2450 775 2541 lucrum,
793 2448 867 2528 five
888 2447 1015 2528 foenus
1035 2450 1212 2584 pecuniae
1227 2448 1301 2528 suae

144 2562 348 2670 accepturi
367 2563 509 2656 effent3
540 2559 623 2669 ipse
648 2559 785 2640 forte
774 2562 933 2640 mterim
959 2556 1166 2640 funditus
1155 2581 1301 2642 mtere·

145 2691 257 2753 unte
319 2676 442 2784 Qod
462 2702 531 2753 nos
552 2672 756 2751 nobiscum
776 2691 999 2781 reputantes
1015 2701 1137 2780 quam
1156 2673 1301 2754 durum

144 2785 208 2878 fit,
237 2812 457 2893 eorumque
477 2783 694 2891 justiffimis
720 2785 901 2893 precibus
926 2785 1035 2877 vieti,
1060 2784 1129 2863 has
1155 2786 1301 2864 nostras

142 2897 195 2977 ad
217 2896 470 3002 Majestatem
483 2895 649 2975 vestram
666 2896 796 2975 literas
816 2897 905 3005 ipsrs
919 2896 1192 2988 conceffimus3
1224 2896 1301 2974 hoc

141 3007 428 3118 potiffimum
415 3037 437 3088 a
457 3009 567 3088 vobis
599 3008 836 3116 postulantes
862 3010 920 3088 uti
947 3005 1206 3117 praestandum
1229 3034 1301 3085 cu-

143 3121 256 3210 retis,
278 3138 322 3199 ut
342 3119 558 3228 supradicta
578 3119 736 3199 societas
756 3120 984 3224 Brastlienſss
1003 3118 1118 3224 hujus
1139 3116 1299 3227 Reipub.

144 3231 441 3311 Mercatoribus
461 3233 760 3340 quamprimum
790 3230 995 3310 satisfaciat
1022 3146 1102 3308 taJm
1122 3229 1171 3307 de
1196 3231 1301 3309 sum·

144 3343 214 3422 ma
240 3344 416 3450 pecuniae
439 3343 583 3449 cuique
609 3371 745 3421 eorum
771 3343 916 3435 debita,
938 3340 1125 3449 quamde
1149 3339 1300 3422 foenore

146 3455 459 3563 quinquennali;
491 3482 585 3533 cum
608 3452 686 3533 hoc
706 3475 746 3533 et
770 3482 841 3562 per
860 3454 896 3532 se
910 3453 1060 3559 justum
1082 3452 1142 3545 sit,
1162 3472 1202 3533 et
1226 3452 1301 3535 foe-

147 3567 233 3645 deri
262 3594 388 3676 nuper
413 3566 656 3646 vobiscum
646 3567 744 3645 mito
773 3564 1101 3645 consentaneum:
1133 3566 1240 3670 quod
1263 3584 1303 3645 et

149 3706 379 3758 noseorum
400 3679 560 3757 nornine
580 3676 602 3756 a
623 3678 828 3785 Majestate
848 3678 987 3757 Vestra
1010 3676 1208 3785 peramice
1231 3706 1302 3787 pe-

152 3809 288 3869 timus.

234 3904 302 3981 Ex
321 3900 475 3982 Palatio
494 3901 610 4008 nostro
632 3903 688 3978 W
682 3900 951 4009 estmonasterio.

423 4013 502 4092 Die
521 4011 640 4118 Julii.
670 4014 716 4091 16
722 4014 788 4119 56.

599 4196 815 4303 Majestatis
836 4198 981 4276 Vestrae
1001 4197 1304 4277 Studiofiffimus

830 4309 1035 4403 Oliveriur,

765 4423 871 4500 Prot.
895 4422 1014 4529 Reip.
1038 4422 1206 4528 Angliae,
1227 4423 1304 4500 δατ.
