2956 4980
291 109 453 226 Litcrae
478 112 672 204 Senatus
697 105 966 239 Anglicani.
1127 121 1202 229 187

55 302 170 380 tunt;
192 283 303 367 suam
319 283 512 368 nimirirm
528 286 692 367 salutern
706 306 824 396 atque
840 314 926 368 rem
940 313 1103 367 omnem
1119 315 1206 367 rur·

58 393 117 477 tiu
130 397 238 506 apud
253 425 322 479 vos
344 398 386 477 in
400 398 523 479 dubio
538 398 628 478 esse.
670 399 864 506 Qamvis
880 400 989 478 enim
1005 400 1206 479 literarum

63 506 273 589 nostrarum
291 536 389 618 quas
408 510 564 619 pridem
583 509 632 590 ad
647 538 716 590 vos
735 511 917 591 dedimus
936 509 1112 590 fructum
1131 510 1205 590 ali·

66 645 176 726 quem
189 620 239 701 ad
254 637 413 729 tempus
428 622 640 732 percepiffe
655 621 692 702 se
708 621 917 715 fateantur,
934 640 975 701 et
989 622 1037 701 ab
1054 621 1205 729 injuriis

70 728 297 812 nefariorum
328 730 542 813 hominum
572 731 819 841 aliquantlrm
854 732 1064 842 respira'ffe,
1100 759 1205 812 nunc

72 857 186 922 tamen
206 844 294 952 post
317 843 530 926 adventurn
552 846 741 926 Cochrani
761 846 866 924 illius
892 846 932 923 in
962 845 1102 924 urbem
1121 842 1206 922 ves-

72 968 155 1034 tram
176 955 343 1064 (dequo
362 957 483 1037 etiam
506 953 616 1067 priris
635 957 762 1065 questi
782 955 930 1062 sumus)
951 956 1021 1065 qui
1040 956 1205 1036 manda-

73 1078 138 1147 tam
160 1065 247 1171 jam
282 1065 351 1145 fibi
384 1063 407 1145 a
439 1067 572 1148 carolo
598 1066 774 1147 defuncti
806 1095 931 1176 nuper
963 1068 1087 1174 Regis
1121 1066 1204 1146 filio

71 1172 316 1285 legationem
336 1177 605 1287 nescioquam
624 1179 822 1286 praedicat,
849 1178 886 1257 se
907 1179 1090 1257 omnibus
1109 1206 1206 1257 con-

69 1286 243 1381 tumeliis,
257 1289 390 1382 minis,
403 1292 521 1371 armis
540 1290 661 1370 etiarn
682 1291 918 1370 Sicariorum
937 1290 1080 1397 petitos
1097 1288 1206 1368 solita

68 1398 179 1479 vestrl
194 1398 417 1481 defenfione
431 1421 548 1511 atque
566 1401 686 1481 tuteli
704 1400 879 1481 caruiffe.
922 1399 1037 1479 Adeb
1053 1417 1097 1478 ut
1110 1426 1204 1479 cum

10 1532 12 1553 ¹
67 1532 155 1591 unus
174 1529 292 1618 atque
311 1511 408 1591 alter
427 1512 449 1593 ὲ
470 1512 751 1593 mercatoribus
771 1539 864 1592 cum
885 1511 968 1620 ipso
994 1512 1112 1591 etiam
1133 1513 1205 1591 So·

61 1621 205 1703 rietatis
226 1621 428 1718 Praefecto,
457 1626 498 1703 in
532 1652 674 1704 navem
704 1625 903 1731 quandam
935 1623 1205 1732 praedatoriam

60 1760 126 1840 per
145 1733 300 1814 infidias
319 1734 477 1815 abducti
500 1735 635 1831 effent,
663 1737 870 1843 caeterique
890 1735 1056 1815 vestram
1084 1733 1205 1814 fidem

59 1844 326 1954 implorarent,
347 1843 369 1925 a
387 1848 497 1928 vobis
517 1866 649 1928 tamen
675 1849 832 1927 nullum
856 1847 1051 1928 auxilium
1077 1847 1206 1955 impe-

60 1974 158 2037 trare
176 1959 392 2065 potuerint,
408 1958 534 2039 donec
549 1959 620 2068 ipfi
635 1959 702 2040 suo
716 1961 849 2039 Marte
863 1976 1111 2051 mercatores,
1127 1986 1206 2038 non

56 2066 134 2148 fine
154 2095 302 2175 magno
321 2068 480 2149 suorum
499 2070 723 2151 discrimine
742 2090 876 2179 captos
897 2072 938 2148 in
958 2097 1006 2148 eo
1025 2069 1204 2162 flumine,

10 2254 13 2271 ,
55 2179 168 2286 cujus
187 2180 311 2261 vestra
334 2179 425 2261 urbs
447 2182 609 2262 domina
631 2182 701 2277 est,
729 2211 780 2262 ex
804 2183 1000 2261 latronum
1025 2179 1206 2272 manibus

10 2312 13 2359 t
55 2292 209 2400 eripere
228 2312 475 2398 cogerentur.
536 2299 650 2403 Quos
678 2321 772 2372 cum
801 2295 861 2371 illi
887 2294 1000 2371 bonis
1025 2291 1205 2400 auspiciis

54 2403 226 2485 domum
255 2402 505 2498 reduxissent,
535 2424 575 2484 et
602 2405 652 2484 ab
682 2405 843 2512 indigni
871 2404 1054 2484 servitute
1083 2402 1207 2483 veluti

53 2542 178 2595 manu
197 2513 448 2608 afferuiffent,
469 2535 602 2623 captos
622 2519 742 2596 etiam
762 2518 903 2625 piratas
928 2515 1028 2624 ipsos
1053 2516 1094 2593 in
1122 2514 1207 2594 cus-

55 2625 207 2707 todiam
237 2625 489 2720 dedediffent,
522 2630 755 2708 Coclrranum
783 2628 899 2707 illurn
930 2625 1135 2734 perfugam
1167 2646 1206 2706 et

54 2736 305 2845 perduellem
327 2736 376 2817 eb
405 2738 573 2818 audaciae
601 2738 816 2848 proceffiffe
840 2738 1070 2845 accipimus,
1095 2755 1140 2815 ut
1167 2755 1207 2816 et

54 2848 289 2956 praedatores
314 2848 465 2929 dimitti
494 2850 650 2944 liberor,
680 2868 720 2929 et
747 2868 980 2929 mercatores
1005 2848 1104 2926 tradi
1136 2847 1206 2927 fibi

55 2959 209 3041 vinctos
222 2960 405 3068 postulet.
464 2962 547 3041 Vos
563 2981 695 3042 autern
711 2961 831 3040 etiam
847 2979 963 3065 atque
979 2958 1099 3038 etiam
1111 2956 1207 3037 hor-

54 3088 189 3151 tamur
207 3089 248 3150 ct
265 3071 518 3164 obtestamur,
539 3073 567 3152 fi
587 3074 799 3181 pastiones,
819 3090 860 3150 et
879 3069 1040 3163 foedera,
1057 3088 1097 3150 et
1116 3098 1206 3178 per-

55 3182 258 3263 vetustum
289 3182 491 3292 utriusque
520 3186 647 3290 gentis
682 3184 985 3274 commercium,
1023 3181 1064 3262 id
1099 3182 1207 3290 quod

56 3294 207 3402 petitis,
239 3293 424 3374 inviolate
456 3294 595 3376 servari
626 3294 801 3386 studetis,
833 3312 878 3373 ut
908 3291 1028 3373 nostri
1054 3312 1208 3372 certum

56 3404 221 3513 aliquod
238 3424 357 3514 atque
377 3404 538 3487 firmum
565 3407 633 3486 fibi
662 3404 882 3514 praefidium
906 3405 947 3483 in
967 3403 1089 3484 vestri
1115 3404 1208 3503 fide,

57 3517 281 3625 prudentii,
295 3515 531 3598 authoritate
550 3519 741 3597 collocare
756 3517 922 3596 demum
942 3514 1103 3623 poffint;
1125 3517 1209 3595 Vos

58 3646 195 3708 autern
214 3629 275 3708 uti
288 3657 354 3710 eos
373 3625 436 3709 his
454 3629 503 3710 de
523 3629 636 3708 rebus
655 3627 826 3734 benigne
844 3626 1033 3720 audiatis;
1060 3623 1141 3706 tam
1160 3628 1209 3706 de

60 3740 271 3833 Cochrano,
298 3742 519 3849 caterisque
540 3740 712 3833 scaeleris,
738 3740 844 3819 illius
865 3738 990 3830 sociis,
1014 3734 1136 3846 quim
1160 3739 1210 3818 de

59 3849 109 3929 iis
127 3852 199 3959 qui
216 3879 344 3962 nuper
362 3851 404 3930 in
420 3853 766 3944 Concionatorem,
784 3848 947 3960 impune
966 3847 1109 3943 adhuc,
1131 3849 1210 3932 im-

58 3981 201 4153 petum
216 3962 395 4043 fecerunt
410 3963 648 4074 supplicium
666 3963 817 4044 sumere
833 3961 975 4054 velitis,
991 3981 1059 4042 aut
1078 3960 1100 4042 ὲ
1120 3961 1211 4041 fini·

87 4101 134 4155 us
168 4076 278 4155 exire
306 4074 324 4182 j

61 4180 287 4296 Tarquiniis
314 4188 497 4267 amicitie
527 4205 645 4294 atque
673 4185 815 4294 opibus
846 4185 986 4293 Populi
1005 4184 1216 4289 Anglicani

56 4297 331 4379 anteferendos
350 4298 595 4378 existimetis.
657 4299 697 4376 Si
718 4297 826 4376 enirn
851 4324 921 4404 per
940 4323 1008 4375 vos
1032 4322 1111 4374 non
1136 4295 1211 4374 ste-

327 4074 490 4156 ubeatis.
565 4076 712 4183 Neque
751 4073 880 4182 pulsos
919 4092 1035 4181 atque
1074 4074 1210 4153 exules
1348 4152 1351 4157 .
