<?xml version="1.0" encoding="UTF-8"?>
<!DOCTYPE html PUBLIC "-//W3C//DTD XHTML 1.0 Transitional//EN"
    "http://www.w3.org/TR/xhtml1/DTD/xhtml1-transitional.dtd">
<html xmlns="http://www.w3.org/1999/xhtml" xml:lang="en" lang="en">
 <head>
  <title>
</title>
<meta http-equiv="Content-Type" content="text/html;charset=utf-8" />
  <meta name='ocr-system' content='tesseract 3.04.00' />
  <meta name='ocr-capabilities' content='ocr_page ocr_carea ocr_par ocr_line ocrx_word'/>
</head>
<body>
  <div class='ocr_page' id='page_1' title='image "./worksjohnmilton06miltgoog_0043.png"; bbox 0 0 2956 4980; ppageno 0'>
   <div class='ocr_carea' id='block_1_1' title="bbox 181 230 1295 363">
    <p class='ocr_par' dir='ltr' id='par_1_1' title="bbox 181 230 1295 363">
     <span class='ocr_line' id='line_1_1' title="bbox 181 230 1295 363; baseline 0.006 -40"><span class='ocrx_word' id='word_1_1' title='bbox 181 244 231 325; x_wconf 84' lang='lat'>28</span> <span class='ocrx_word' id='word_1_2' title='bbox 582 233 709 326; x_wconf 87' lang='lat' dir='ltr'>Artis</span> <span class='ocrx_word' id='word_1_3' title='bbox 737 233 921 363; x_wconf 83' lang='lat' dir='ltr'>Logicae</span> <span class='ocrx_word' id='word_1_4' title='bbox 1115 230 1225 328; x_wconf 85' lang='lat' dir='ltr'><em>Lib.</em></span> <span class='ocrx_word' id='word_1_5' title='bbox 1259 275 1295 332; x_wconf 85' lang='lat'>1.</span> 
     </span>
    </p>
   </div>
   <div class='ocr_carea' id='block_1_2' title="bbox 155 402 1330 2415">
    <p class='ocr_par' dir='ltr' id='par_1_2' title="bbox 156 402 1330 1745">
     <span class='ocr_line' id='line_1_2' title="bbox 177 402 1327 514; baseline 0 -28"><span class='ocrx_word' id='word_1_6' title='bbox 177 424 277 486; x_wconf 89' lang='lat' dir='ltr'>utet</span> <span class='ocrx_word' id='word_1_7' title='bbox 296 406 421 485; x_wconf 87' lang='lat' dir='ltr'>multa</span> <span class='ocrx_word' id='word_1_8' title='bbox 437 406 511 485; x_wconf 87' lang='lat' dir='ltr'>alia</span> <span class='ocrx_word' id='word_1_9' title='bbox 524 433 610 513; x_wconf 82' lang='lat' dir='ltr'>quae</span> <span class='ocrx_word' id='word_1_10' title='bbox 621 405 853 514; x_wconf 81' lang='lat' dir='ltr'>Aristotelici</span> <span class='ocrx_word' id='word_1_11' title='bbox 866 432 1078 513; x_wconf 86' lang='lat' dir='ltr'>congerere</span> <span class='ocrx_word' id='word_1_12' title='bbox 1092 402 1175 485; x_wconf 88' lang='lat' dir='ltr'>huc</span> <span class='ocrx_word' id='word_1_13' title='bbox 1190 406 1327 501; x_wconf 90' lang='lat' dir='ltr'>solent,</span> 
     </span>
     <span class='ocr_line' id='line_1_3' title="bbox 178 516 1330 627; baseline -0.001 -29"><span class='ocrx_word' id='word_1_14' title='bbox 178 537 308 599; x_wconf 83' lang='lat' dir='ltr'>tamen</span> <span class='ocrx_word' id='word_1_15' title='bbox 329 521 421 627; x_wconf 89' lang='lat' dir='ltr'>quia</span> <span class='ocrx_word' id='word_1_16' title='bbox 441 517 537 627; x_wconf 85' lang='lat' dir='ltr'>saepe</span> <span class='ocrx_word' id='word_1_17' title='bbox 555 537 767 597; x_wconf 91' lang='lat' dir='ltr'>occurrunt</span> <span class='ocrx_word' id='word_1_18' title='bbox 785 537 826 598; x_wconf 90' lang='lat' dir='ltr'>et</span> <span class='ocrx_word' id='word_1_19' title='bbox 844 516 1000 598; x_wconf 82' lang='lat' dir='ltr'>fallaces</span> <span class='ocrx_word' id='word_1_20' title='bbox 1018 516 1121 611; x_wconf 86' lang='lat' dir='ltr'>sunt,</span> <span class='ocrx_word' id='word_1_21' title='bbox 1136 518 1330 627; x_wconf 88' lang='lat' dir='ltr'>appendi-</span> 
     </span>
     <span class='ocr_line' id='line_1_4' title="bbox 176 628 1329 710; baseline -0.001 0"><span class='ocrx_word' id='word_1_22' title='bbox 176 631 273 710; x_wconf 88' lang='lat' dir='ltr'>culae</span> <span class='ocrx_word' id='word_1_23' title='bbox 292 630 333 709; x_wconf 95' lang='lat' dir='ltr'>in</span> <span class='ocrx_word' id='word_1_24' title='bbox 353 630 519 709; x_wconf 88' lang='lat' dir='ltr'>modum</span> <span class='ocrx_word' id='word_1_25' title='bbox 539 629 637 709; x_wconf 87' lang='lat' dir='ltr'>libet</span> <span class='ocrx_word' id='word_1_26' title='bbox 655 657 749 709; x_wconf 90' lang='lat' dir='ltr'>cum</span> <span class='ocrx_word' id='word_1_27' title='bbox 763 628 838 710; x_wconf 88' lang='lat' dir='ltr'>suis</span> <span class='ocrx_word' id='word_1_28' title='bbox 857 629 1104 709; x_wconf 83' lang='lat' dir='ltr'>cautionibus</span> <span class='ocrx_word' id='word_1_29' title='bbox 1123 628 1192 709; x_wconf 81' lang='lat' dir='ltr'>hle</span> <span class='ocrx_word' id='word_1_30' title='bbox 1211 631 1329 710; x_wconf 86' lang='lat' dir='ltr'>attin·</span> 
     </span>
     <span class='ocr_line' id='line_1_5' title="bbox 176 739 1329 850; baseline 0 -29"><span class='ocrx_word' id='word_1_31' title='bbox 176 769 282 850; x_wconf 85' lang='lat' dir='ltr'>gere.</span> <span class='ocrx_word' id='word_1_32' title='bbox 344 742 500 821; x_wconf 84' lang='lat' dir='ltr'>Primus</span> <span class='ocrx_word' id='word_1_33' title='bbox 523 740 593 834; x_wconf 89' lang='lat' dir='ltr'>est,</span> <span class='ocrx_word' id='word_1_34' title='bbox 618 741 737 850; x_wconf 84' lang='lat' dir='ltr'>qualis</span> <span class='ocrx_word' id='word_1_35' title='bbox 762 741 888 847; x_wconf 64' lang='lat' dir='ltr'>causta,</span> <span class='ocrx_word' id='word_1_36' title='bbox 914 741 991 821; x_wconf 84' lang='lat' dir='ltr'>tale</span> <span class='ocrx_word' id='word_1_37' title='bbox 1021 739 1250 847; x_wconf 81' lang='lat' dir='ltr'>causatum.-</span> <span class='ocrx_word' id='word_1_38' title='bbox 1280 770 1329 823; x_wconf 84' lang='lat' dir='ltr'>ex</span> 
     </span>
     <span class='ocr_line' id='line_1_6' title="bbox 156 850 1327 963; baseline 0.001 -31"><span class='ocrx_word' id='word_1_39' title='bbox 156 852 335 963; x_wconf 67' lang='lat' dir='ltr'>&#39;Ariston</span> <span class='ocrx_word' id='word_1_40' title='bbox 359 880 381 933; x_wconf 87' lang='lat'><strong>2</strong></span> <span class='ocrx_word' id='word_1_41' title='bbox 398 850 488 962; x_wconf 77' lang='lat' dir='ltr'>Tap.</span> <span class='ocrx_word' id='word_1_42' title='bbox 510 882 544 933; x_wconf 88' lang='lat' dir='ltr'>c.</span> <span class='ocrx_word' id='word_1_43' title='bbox 564 879 603 957; x_wconf 85' lang='lat'>9.</span> <span class='ocrx_word' id='word_1_44' title='bbox 663 853 785 961; x_wconf 84' lang='lat' dir='ltr'>Qod</span> <span class='ocrx_word' id='word_1_45' title='bbox 800 881 939 934; x_wconf 90' lang='lat' dir='ltr'>verum</span> <span class='ocrx_word' id='word_1_46' title='bbox 957 881 1037 933; x_wconf 92' lang='lat' dir='ltr'>non</span> <span class='ocrx_word' id='word_1_47' title='bbox 1056 852 1113 933; x_wconf 90' lang='lat' dir='ltr'>est</span> <span class='ocrx_word' id='word_1_48' title='bbox 1131 852 1267 962; x_wconf 72' lang='lat' dir='ltr'>primo</span> <span class='ocrx_word' id='word_1_49' title='bbox 1286 857 1327 933; x_wconf 91' lang='lat' dir='ltr'>in</span> 
     </span>
     <span class='ocr_line' id='line_1_7' title="bbox 176 962 1327 1074; baseline 0.002 -29"><span class='ocrx_word' id='word_1_50' title='bbox 176 968 297 1046; x_wconf 87' lang='lat' dir='ltr'>caulis</span> <span class='ocrx_word' id='word_1_51' title='bbox 323 993 394 1074; x_wconf 90' lang='lat' dir='ltr'>per</span> <span class='ocrx_word' id='word_1_52' title='bbox 420 963 623 1045; x_wconf 86' lang='lat' dir='ltr'>accidens:</span> <span class='ocrx_word' id='word_1_53' title='bbox 655 983 713 1059; x_wconf 91' lang='lat' dir='ltr'>ut,</span> <span class='ocrx_word' id='word_1_54' title='bbox 735 965 794 1045; x_wconf 79' lang='lat' dir='ltr'>hic</span> <span class='ocrx_word' id='word_1_55' title='bbox 810 962 926 1071; x_wconf 87' lang='lat' dir='ltr'>sutor</span> <span class='ocrx_word' id='word_1_56' title='bbox 952 965 1001 1073; x_wconf 80' lang='lat' dir='ltr'>est</span> <span class='ocrx_word' id='word_1_57' title='bbox 1027 964 1094 1045; x_wconf 85' lang='lat' dir='ltr'>vir</span> <span class='ocrx_word' id='word_1_58' title='bbox 1117 964 1258 1060; x_wconf 88' lang='lat' dir='ltr'>bonus,·</span> <span class='ocrx_word' id='word_1_59' title='bbox 1288 985 1327 1047; x_wconf 88' lang='lat' dir='ltr'>at</span> 
     </span>
     <span class='ocr_line' id='line_1_8' title="bbox 175 1076 1326 1186; baseline 0.002 -30"><span class='ocrx_word' id='word_1_60' title='bbox 175 1105 254 1158; x_wconf 92' lang='lat' dir='ltr'>non</span> <span class='ocrx_word' id='word_1_61' title='bbox 274 1105 368 1184; x_wconf 88' lang='lat' dir='ltr'>ergo</span> <span class='ocrx_word' id='word_1_62' title='bbox 388 1076 492 1157; x_wconf 88' lang='lat' dir='ltr'>bonos</span> <span class='ocrx_word' id='word_1_63' title='bbox 511 1076 648 1182; x_wconf 73' lang='lat' dir='ltr'>corfitit</span> <span class='ocrx_word' id='word_1_64' title='bbox 666 1079 803 1157; x_wconf 77' lang='lat' dir='ltr'>ca&#39;lceos</span> <span class='ocrx_word' id='word_1_65' title='bbox 813 1108 827 1169; x_wconf 89' lang='lat'>,·</span> <span class='ocrx_word' id='word_1_66' title='bbox 858 1076 985 1186; x_wconf 86' lang='lat' dir='ltr'>potest</span> <span class='ocrx_word' id='word_1_67' title='bbox 1004 1077 1114 1156; x_wconf 90' lang='lat' dir='ltr'>enim</span> <span class='ocrx_word' id='word_1_68' title='bbox 1129 1076 1207 1159; x_wconf 85' lang='lat' dir='ltr'>effe</span> <span class='ocrx_word' id='word_1_69' title='bbox 1222 1077 1326 1158; x_wconf 91' lang='lat' dir='ltr'>sutor</span> 
     </span>
     <span class='ocr_line' id='line_1_9' title="bbox 176 1187 1325 1283; baseline 0.002 -15"><span class='ocrx_word' id='word_1_70' title='bbox 176 1216 255 1269; x_wconf 91' lang='lat' dir='ltr'>non</span> <span class='ocrx_word' id='word_1_71' title='bbox 284 1189 422 1272; x_wconf 88' lang='lat' dir='ltr'>bonus.</span> <span class='ocrx_word' id='word_1_72' title='bbox 480 1187 675 1283; x_wconf 73' lang='lat' dir='ltr'>Secundo,</span> <span class='ocrx_word' id='word_1_73' title='bbox 692 1217 771 1269; x_wconf 93' lang='lat' dir='ltr'>non</span> <span class='ocrx_word' id='word_1_74' title='bbox 800 1189 841 1267; x_wconf 95' lang='lat' dir='ltr'>in</span> <span class='ocrx_word' id='word_1_75' title='bbox 870 1188 989 1269; x_wconf 85' lang='lat' dir='ltr'>caufis</span> <span class='ocrx_word' id='word_1_76' title='bbox 1019 1189 1325 1271; x_wconf 75' lang='lat' dir='ltr'>universalibusz</span> 
     </span>
     <span class='ocr_line' id='line_1_10' title="bbox 177 1299 1325 1409; baseline 0.003 -29"><span class='ocrx_word' id='word_1_77' title='bbox 177 1320 235 1394; x_wconf 89' lang='lat' dir='ltr'>ut,</span> <span class='ocrx_word' id='word_1_78' title='bbox 248 1300 315 1406; x_wconf 88' lang='lat' dir='ltr'>sol</span> <span class='ocrx_word' id='word_1_79' title='bbox 334 1301 451 1380; x_wconf 83' lang='lat' dir='ltr'>omnia</span> <span class='ocrx_word' id='word_1_80' title='bbox 469 1299 670 1408; x_wconf 67' lang='lat' dir='ltr'>calefact&#39;t3</span> <span class='ocrx_word' id='word_1_81' title='bbox 700 1319 740 1380; x_wconf 88' lang='lat' dir='ltr'>at</span> <span class='ocrx_word' id='word_1_82' title='bbox 758 1327 838 1380; x_wconf 93' lang='lat' dir='ltr'>non</span> <span class='ocrx_word' id='word_1_83' title='bbox 857 1299 993 1381; x_wconf 83' lang='lat' dir='ltr'>idcirco</span> <span class='ocrx_word' id='word_1_84' title='bbox 1011 1300 1084 1408; x_wconf 83' lang='lat' dir='ltr'>ipse</span> <span class='ocrx_word' id='word_1_85' title='bbox 1101 1300 1151 1409; x_wconf 86' lang='lat' dir='ltr'>est</span> <span class='ocrx_word' id='word_1_86' title='bbox 1168 1300 1325 1383; x_wconf 84' lang='lat' dir='ltr'>calidus.</span> 
     </span>
     <span class='ocr_line' id='line_1_11' title="bbox 175 1412 1325 1523; baseline 0.003 -32"><span class='ocrx_word' id='word_1_87' title='bbox 175 1413 331 1505; x_wconf 76' lang='lat' dir='ltr'>Tertio,</span> <span class='ocrx_word' id='word_1_88' title='bbox 351 1440 429 1491; x_wconf 91' lang='lat' dir='ltr'>non</span> <span class='ocrx_word' id='word_1_89' title='bbox 446 1413 486 1490; x_wconf 94' lang='lat' dir='ltr'>in</span> <span class='ocrx_word' id='word_1_90' title='bbox 500 1413 620 1491; x_wconf 87' lang='lat' dir='ltr'>caufis</span> <span class='ocrx_word' id='word_1_91' title='bbox 634 1412 877 1506; x_wconf 84' lang='lat' dir='ltr'>voluntariis,</span> <span class='ocrx_word' id='word_1_92' title='bbox 893 1412 963 1491; x_wconf 86' lang='lat' dir='ltr'>nifi</span> <span class='ocrx_word' id='word_1_93' title='bbox 976 1413 1113 1492; x_wconf 89' lang='lat' dir='ltr'>velint.</span> <span class='ocrx_word' id='word_1_94' title='bbox 1153 1412 1325 1523; x_wconf 72' lang='lat' dir='ltr'>Qarto,</span> 
     </span>
     <span class='ocr_line' id='line_1_12' title="bbox 174 1523 1326 1635; baseline 0.001 -31"><span class='ocrx_word' id='word_1_95' title='bbox 174 1525 203 1604; x_wconf 91' lang='lat' dir='ltr'>fi</span> <span class='ocrx_word' id='word_1_96' title='bbox 224 1555 283 1606; x_wconf 86' lang='lat' dir='ltr'>res</span> <span class='ocrx_word' id='word_1_97' title='bbox 303 1527 344 1604; x_wconf 95' lang='lat' dir='ltr'>in</span> <span class='ocrx_word' id='word_1_98' title='bbox 364 1553 442 1633; x_wconf 87' lang='lat' dir='ltr'>qua</span> <span class='ocrx_word' id='word_1_99' title='bbox 469 1523 656 1603; x_wconf 68' lang='lat' dir='ltr'>effectum</span> <span class='ocrx_word' id='word_1_100' title='bbox 684 1524 740 1604; x_wconf 91' lang='lat' dir='ltr'>est</span> <span class='ocrx_word' id='word_1_101' title='bbox 766 1524 1078 1633; x_wconf 90' lang='lat' dir='ltr'>producendum,</span> <span class='ocrx_word' id='word_1_102' title='bbox 1100 1524 1141 1605; x_wconf 94' lang='lat' dir='ltr'>id</span> <span class='ocrx_word' id='word_1_103' title='bbox 1168 1554 1242 1635; x_wconf 88' lang='lat' dir='ltr'>per</span> <span class='ocrx_word' id='word_1_104' title='bbox 1259 1554 1326 1605; x_wconf 88' lang='lat' dir='ltr'>na·</span> 
     </span>
     <span class='ocr_line' id='line_1_13' title="bbox 176 1635 882 1745; baseline -0.003 -29"><span class='ocrx_word' id='word_1_105' title='bbox 176 1655 304 1716; x_wconf 88' lang='lat' dir='ltr'>turam</span> <span class='ocrx_word' id='word_1_106' title='bbox 325 1635 432 1715; x_wconf 92' lang='lat' dir='ltr'>suam</span> <span class='ocrx_word' id='word_1_107' title='bbox 453 1637 625 1745; x_wconf 86' lang='lat' dir='ltr'>recipere</span> <span class='ocrx_word' id='word_1_108' title='bbox 645 1662 724 1716; x_wconf 92' lang='lat' dir='ltr'>non</span> <span class='ocrx_word' id='word_1_109' title='bbox 743 1635 882 1744; x_wconf 85' lang='lat' dir='ltr'>potest.</span> 
     </span>
    </p>

    <p class='ocr_par' dir='ltr' id='par_1_3' title="bbox 155 1746 1326 2415">
     <span class='ocr_line' id='line_1_14' title="bbox 233 1746 1326 1860; baseline 0.001 -33"><span class='ocrx_word' id='word_1_110' title='bbox 233 1749 371 1827; x_wconf 88' lang='lat' dir='ltr'>Canon</span> <span class='ocrx_word' id='word_1_111' title='bbox 392 1748 581 1827; x_wconf 87' lang='lat' dir='ltr'>secundus</span> <span class='ocrx_word' id='word_1_112' title='bbox 607 1747 677 1841; x_wconf 89' lang='lat' dir='ltr'>est,</span> <span class='ocrx_word' id='word_1_113' title='bbox 694 1764 853 1856; x_wconf 85' lang='lat' dir='ltr'>propter</span> <span class='ocrx_word' id='word_1_114' title='bbox 870 1746 967 1857; x_wconf 86' lang='lat' dir='ltr'>quod</span> <span class='ocrx_word' id='word_1_115' title='bbox 984 1747 1326 1860; x_wconf 79' lang='lat' dir='ltr'>unumquodqueesl</span> 
     </span>
     <span class='ocr_line' id='line_1_15' title="bbox 173 1858 1324 1968; baseline 0.003 -31"><span class='ocrx_word' id='word_1_116' title='bbox 173 1860 263 1953; x_wconf 87' lang='lat' dir='ltr'>tale,</span> <span class='ocrx_word' id='word_1_117' title='bbox 280 1858 437 1967; x_wconf 76' lang='lat' dir='ltr'>illudrst</span> <span class='ocrx_word' id='word_1_118' title='bbox 455 1861 573 1966; x_wconf 85' lang='lat' dir='ltr'>magis</span> <span class='ocrx_word' id='word_1_119' title='bbox 590 1859 693 1938; x_wconf 86' lang='lat' dir='ltr'>tale:</span> <span class='ocrx_word' id='word_1_120' title='bbox 724 1859 884 1968; x_wconf 67' lang='lat' dir='ltr'>Arssot.</span> <span class='ocrx_word' id='word_1_121' title='bbox 911 1887 926 1938; x_wconf 89' lang='lat'>1</span> <span class='ocrx_word' id='word_1_122' title='bbox 953 1860 1057 1941; x_wconf 87' lang='lat' dir='ltr'><strong>Post.</strong></span> <span class='ocrx_word' id='word_1_123' title='bbox 1079 1886 1115 1941; x_wconf 87' lang='lat' dir='ltr'>c.</span> <span class='ocrx_word' id='word_1_124' title='bbox 1138 1885 1179 1940; x_wconf 87' lang='lat'>2.</span> <span class='ocrx_word' id='word_1_125' title='bbox 1239 1863 1324 1941; x_wconf 88' lang='lat' dir='ltr'>Sci·</span> 
     </span>
     <span class='ocr_line' id='line_1_16' title="bbox 172 1970 1322 2081; baseline 0.003 -31"><span class='ocrx_word' id='word_1_126' title='bbox 172 1971 265 2052; x_wconf 93' lang='lat' dir='ltr'>licet</span> <span class='ocrx_word' id='word_1_127' title='bbox 284 1970 415 2081; x_wconf 76' lang='lat' dir='ltr'>primo</span> <span class='ocrx_word' id='word_1_128' title='bbox 434 1972 562 2050; x_wconf 87' lang='lat' dir='ltr'>rursus</span> <span class='ocrx_word' id='word_1_129' title='bbox 576 1972 618 2049; x_wconf 91' lang='lat' dir='ltr'>in</span> <span class='ocrx_word' id='word_1_130' title='bbox 637 1970 757 2050; x_wconf 84' lang='lat' dir='ltr'>causrs</span> <span class='ocrx_word' id='word_1_131' title='bbox 777 1999 846 2080; x_wconf 89' lang='lat' dir='ltr'>per</span> <span class='ocrx_word' id='word_1_132' title='bbox 866 1971 929 2050; x_wconf 89' lang='lat' dir='ltr'>se:</span> <span class='ocrx_word' id='word_1_133' title='bbox 961 1990 1019 2066; x_wconf 90' lang='lat' dir='ltr'>ut,</span> <span class='ocrx_word' id='word_1_134' title='bbox 1034 1971 1095 2052; x_wconf 76' lang='lat' dir='ltr'>hic</span> <span class='ocrx_word' id='word_1_135' title='bbox 1108 1971 1157 2080; x_wconf 85' lang='lat' dir='ltr'>est</span> <span class='ocrx_word' id='word_1_136' title='bbox 1170 1970 1297 2053; x_wconf 86' lang='lat' dir='ltr'>ebrius</span> <span class='ocrx_word' id='word_1_137' title='bbox 1307 2004 1322 2065; x_wconf 77' lang='lat'>,⁰</span> 
     </span>
     <span class='ocr_line' id='line_1_17' title="bbox 172 2080 1324 2193; baseline 0.003 -32"><span class='ocrx_word' id='word_1_138' title='bbox 172 2111 250 2163; x_wconf 90' lang='lat' dir='ltr'>non</span> <span class='ocrx_word' id='word_1_139' title='bbox 270 2111 364 2191; x_wconf 86' lang='lat' dir='ltr'>ergo</span> <span class='ocrx_word' id='word_1_140' title='bbox 382 2083 510 2163; x_wconf 85' lang='lat' dir='ltr'>vinum</span> <span class='ocrx_word' id='word_1_141' title='bbox 528 2082 646 2189; x_wconf 84' lang='lat' dir='ltr'>magis</span> <span class='ocrx_word' id='word_1_142' title='bbox 664 2082 817 2163; x_wconf 85' lang='lat' dir='ltr'>ebrium.</span> <span class='ocrx_word' id='word_1_143' title='bbox 877 2082 1072 2177; x_wconf 76' lang='lat' dir='ltr'>Secundo,</span> <span class='ocrx_word' id='word_1_144' title='bbox 1092 2083 1121 2164; x_wconf 83' lang='lat' dir='ltr'>fi</span> <span class='ocrx_word' id='word_1_145' title='bbox 1141 2084 1183 2163; x_wconf 92' lang='lat' dir='ltr'>id</span> <span class='ocrx_word' id='word_1_146' title='bbox 1202 2080 1226 2163; x_wconf 74' lang='grc' dir='ltr'>ὲ</span> <span class='ocrx_word' id='word_1_147' title='bbox 1244 2114 1324 2193; x_wconf 91' lang='lat' dir='ltr'>quo</span> 
     </span>
     <span class='ocr_line' id='line_1_18' title="bbox 170 2194 1323 2302; baseline 0.002 -28"><span class='ocrx_word' id='word_1_148' title='bbox 170 2197 264 2276; x_wconf 87' lang='lat' dir='ltr'>tales</span> <span class='ocrx_word' id='word_1_149' title='bbox 279 2195 581 2275; x_wconf 86' lang='lat' dir='ltr'>denominantur</span> <span class='ocrx_word' id='word_1_150' title='bbox 601 2196 757 2302; x_wconf 90' lang='lat' dir='ltr'>utrique</span> <span class='ocrx_word' id='word_1_151' title='bbox 777 2194 891 2275; x_wconf 86' lang='lat' dir='ltr'>infit:</span> <span class='ocrx_word' id='word_1_152' title='bbox 923 2213 980 2288; x_wconf 90' lang='lat' dir='ltr'>ut,</span> <span class='ocrx_word' id='word_1_153' title='bbox 997 2194 1146 2300; x_wconf 84' lang='lat' dir='ltr'>cerastt</span> <span class='ocrx_word' id='word_1_154' title='bbox 1163 2194 1323 2277; x_wconf 75' lang='lat' dir='ltr'>molliri</span> 
     </span>
     <span class='ocr_line' id='line_1_19' title="bbox 155 2305 1322 2415; baseline 0.002 -29"><span class='ocrx_word' id='word_1_155' title='bbox 155 2305 262 2411; x_wconf 85' lang='lat' dir='ltr'>sole‚·</span> <span class='ocrx_word' id='word_1_156' title='bbox 292 2335 370 2387; x_wconf 91' lang='lat' dir='ltr'>non</span> <span class='ocrx_word' id='word_1_157' title='bbox 390 2305 609 2415; x_wconf 80' lang='lat' dir='ltr'>ergosolest</span> <span class='ocrx_word' id='word_1_158' title='bbox 626 2307 778 2386; x_wconf 86' lang='lat' dir='ltr'>mollior.</span> <span class='ocrx_word' id='word_1_159' title='bbox 823 2306 979 2400; x_wconf 77' lang='lat' dir='ltr'>Tertio,</span> <span class='ocrx_word' id='word_1_160' title='bbox 994 2308 1023 2387; x_wconf 84' lang='lat' dir='ltr'><strong>fi</strong></span> <span class='ocrx_word' id='word_1_161' title='bbox 1041 2306 1151 2387; x_wconf 85' lang='lat' dir='ltr'>causa</span> <span class='ocrx_word' id='word_1_162' title='bbox 1171 2308 1245 2393; x_wconf 75' lang='lat' dir='ltr'>illa</span> <span class='ocrx_word' id='word_1_163' title='bbox 1260 2336 1322 2389; x_wconf 87' lang='lat' dir='ltr'>re-</span> 
     </span>
    </p>
   </div>
   <div class='ocr_carea' id='block_1_3' title="bbox 170 2418 1320 2531">
    <p class='ocr_par' dir='ltr' id='par_1_4' title="bbox 170 2418 1320 2531">
     <span class='ocr_line' id='line_1_20' title="bbox 170 2418 1320 2531; baseline 0.002 -33"><span class='ocrx_word' id='word_1_164' title='bbox 170 2421 290 2528; x_wconf 85' lang='lat' dir='ltr'>cipiat</span> <span class='ocrx_word' id='word_1_165' title='bbox 301 2420 428 2527; x_wconf 86' lang='lat' dir='ltr'>magis</span> <span class='ocrx_word' id='word_1_166' title='bbox 443 2436 483 2497; x_wconf 92' lang='lat' dir='ltr'>et</span> <span class='ocrx_word' id='word_1_167' title='bbox 498 2419 653 2498; x_wconf 87' lang='lat' dir='ltr'>minus:</span> <span class='ocrx_word' id='word_1_168' title='bbox 676 2445 755 2497; x_wconf 91' lang='lat' dir='ltr'>non</span> <span class='ocrx_word' id='word_1_169' title='bbox 767 2447 854 2525; x_wconf 85' lang='lat' dir='ltr'>ergo</span> <span class='ocrx_word' id='word_1_170' title='bbox 858 2419 903 2525; x_wconf 82' lang='lat' dir='ltr'><em>st</em></span> <span class='ocrx_word' id='word_1_171' title='bbox 903 2419 1015 2526; x_wconf 82' lang='lat' dir='ltr'>filius</span> <span class='ocrx_word' id='word_1_172' title='bbox 1028 2418 1077 2531; x_wconf 86' lang='lat' dir='ltr'>est</span> <span class='ocrx_word' id='word_1_173' title='bbox 1090 2420 1191 2498; x_wconf 78' lang='lat' dir='ltr'>homo</span> <span class='ocrx_word' id='word_1_174' title='bbox 1201 2437 1320 2529; x_wconf 84' lang='lat' dir='ltr'>prop-</span> 
     </span>
    </p>
   </div>
   <div class='ocr_carea' id='block_1_4' title="bbox 166 2530 1322 2865">
    <p class='ocr_par' dir='ltr' id='par_1_5' title="bbox 166 2530 1322 2865">
     <span class='ocr_line' id='line_1_21' title="bbox 167 2530 1321 2669; baseline 0.001 -59"><span class='ocrx_word' id='word_1_175' title='bbox 167 2550 228 2658; x_wconf 64' lang='lat' dir='ltr'>ter</span> <span class='ocrx_word' id='word_1_176' title='bbox 247 2548 413 2638; x_wconf 85' lang='lat' dir='ltr'>patrem,</span> <span class='ocrx_word' id='word_1_177' title='bbox 435 2547 549 2658; x_wconf 59' lang='lat' dir='ltr'>parer</span> <span class='ocrx_word' id='word_1_178' title='bbox 569 2547 769 2669; x_wconf 63' lang='lat' dir='ltr'>propterea</span> <span class='ocrx_word' id='word_1_179' title='bbox 792 2531 909 2637; x_wconf 83' lang='lat' dir='ltr'>magis</span> <span class='ocrx_word' id='word_1_180' title='bbox 927 2530 1039 2659; x_wconf 58' lang='lat' dir='ltr'>loma.</span> <span class='ocrx_word' id='word_1_181' title='bbox 1098 2531 1175 2612; x_wconf 88' lang='lat' dir='ltr'>Sed</span> <span class='ocrx_word' id='word_1_182' title='bbox 1194 2560 1321 2662; x_wconf 60' lang='lat' dir='ltr'>fanon</span> 
     </span>
     <span class='ocr_line' id='line_1_22' title="bbox 170 2641 1322 2751; baseline 0.003 -30"><span class='ocrx_word' id='word_1_183' title='bbox 170 2641 237 2722; x_wconf 84' lang='lat' dir='ltr'>hrc</span> <span class='ocrx_word' id='word_1_184' title='bbox 262 2643 365 2722; x_wconf 87' lang='lat' dir='ltr'>valet</span> <span class='ocrx_word' id='word_1_185' title='bbox 395 2670 589 2751; x_wconf 84' lang='lat' dir='ltr'>praecrpue</span> <span class='ocrx_word' id='word_1_186' title='bbox 621 2670 662 2721; x_wconf 87' lang='lat' dir='ltr'>1n</span> <span class='ocrx_word' id='word_1_187' title='bbox 691 2644 811 2722; x_wconf 84' lang='lat' dir='ltr'>causrs</span> <span class='ocrx_word' id='word_1_188' title='bbox 836 2642 1042 2722; x_wconf 77' lang='lat' dir='ltr'>finalibus:</span> <span class='ocrx_word' id='word_1_189' title='bbox 1078 2644 1322 2751; x_wconf 79' lang='lat' dir='ltr'>ut,l11cstu-</span> 
     </span>
     <span class='ocr_line' id='line_1_23' title="bbox 166 2753 1322 2865; baseline 0.003 -31"><span class='ocrx_word' id='word_1_190' title='bbox 166 2754 236 2834; x_wconf 86' lang='lat' dir='ltr'><em>diis</em></span> <span class='ocrx_word' id='word_1_191' title='bbox 254 2754 321 2834; x_wconf 88' lang='lat' dir='ltr'>dat</span> <span class='ocrx_word' id='word_1_192' title='bbox 338 2772 483 2864; x_wconf 83' lang='lat' dir='ltr'>operam</span> <span class='ocrx_word' id='word_1_193' title='bbox 492 2770 649 2863; x_wconf 83' lang='lat' dir='ltr'>propter</span> <span class='ocrx_word' id='word_1_194' title='bbox 667 2754 868 2864; x_wconf 66' lang='lat' dir='ltr'>quaestum</span> <span class='ocrx_word' id='word_1_195' title='bbox 892 2753 1049 2864; x_wconf 68' lang='lat' dir='ltr'>quaestui</span> <span class='ocrx_word' id='word_1_196' title='bbox 1063 2754 1187 2862; x_wconf 85' lang='lat' dir='ltr'>igitur</span> <span class='ocrx_word' id='word_1_197' title='bbox 1191 2756 1322 2865; x_wconf 78' lang='lat' dir='ltr'>studet</span> 
     </span>
    </p>
   </div>
   <div class='ocr_carea' id='block_1_5' title="bbox 166 2867 297 2975">
    <p class='ocr_par' dir='ltr' id='par_1_6' title="bbox 166 2867 297 2975">
     <span class='ocr_line' id='line_1_24' title="bbox 166 2867 297 2975; baseline -0.015 -27"><span class='ocrx_word' id='word_1_198' title='bbox 166 2867 297 2975; x_wconf 85' lang='lat' dir='ltr'>magis.</span> 
     </span>
    </p>
   </div>
   <div class='ocr_carea' id='block_1_6' title="bbox 469 3140 1014 3247">
    <p class='ocr_par' dir='ltr' id='par_1_7' title="bbox 469 3140 1014 3247">
     <span class='ocr_line' id='line_1_25' title="bbox 469 3140 1014 3247; baseline 0.004 -27"><span class='ocrx_word' id='word_1_199' title='bbox 469 3143 595 3221; x_wconf 90' lang='lat' dir='ltr'><strong>CAP.</strong></span> <span class='ocrx_word' id='word_1_200' title='bbox 629 3145 682 3222; x_wconf 92' lang='lat' dir='ltr'>X.</span> <span class='ocrx_word' id='word_1_201' title='bbox 748 3147 812 3224; x_wconf 85' lang='lat' dir='ltr'>De</span> <span class='ocrx_word' id='word_1_202' title='bbox 833 3140 1014 3247; x_wconf 70' lang='lat' dir='ltr'>Subjetia</span> 
     </span>
    </p>
   </div>
   <div class='ocr_carea' id='block_1_7' title="bbox 151 3326 1320 4677">
    <p class='ocr_par' dir='ltr' id='par_1_8' title="bbox 151 3326 1320 4677">
     <span class='ocr_line' id='line_1_26' title="bbox 216 3326 1320 3437; baseline 0.005 -32"><span class='ocrx_word' id='word_1_203' title='bbox 216 3333 222 3339; x_wconf 84' lang='grc'><strong>’</strong></span> <span class='ocrx_word' id='word_1_204' title='bbox 269 3332 317 3378; x_wconf 53' lang='lat' dir='ltr'>&#39;s&#39;</span> <span class='ocrx_word' id='word_1_205' title='bbox 346 3329 609 3433; x_wconf 85' lang='lat' dir='ltr'>Rgumentum</span> <span class='ocrx_word' id='word_1_206' title='bbox 637 3327 734 3407; x_wconf 77' lang='lat' dir='ltr'>modo</span> <span class='ocrx_word' id='word_1_207' title='bbox 757 3327 909 3437; x_wconf 83' lang='lat' dir='ltr'>quodam</span> <span class='ocrx_word' id='word_1_208' title='bbox 933 3326 1209 3434; x_wconf 68' lang='lat' dir='ltr'>corfintaneum</span> <span class='ocrx_word' id='word_1_209' title='bbox 1222 3328 1320 3437; x_wconf 88' lang='lat' dir='ltr'><em>suc·</em></span> 
     </span>
     <span class='ocr_line' id='line_1_27' title="bbox 179 3438 1320 3545; baseline 0.002 -25"><span class='ocrx_word' id='word_1_210' title='bbox 179 3455 189 3537; x_wconf 64' lang='lat'>¹,</span> <span class='ocrx_word' id='word_1_211' title='bbox 291 3439 344 3542; x_wconf 31' lang='lat' dir='ltr'>*M</span> <span class='ocrx_word' id='word_1_212' title='bbox 387 3440 496 3533; x_wconf 84' lang='lat' dir='ltr'><em>cedit,</em></span> <span class='ocrx_word' id='word_1_213' title='bbox 517 3459 559 3520; x_wconf 87' lang='lat' dir='ltr'>ut</span> <span class='ocrx_word' id='word_1_214' title='bbox 565 3439 774 3545; x_wconf 67' lang='lat' dir='ltr'>fitbjeblum</span> <span class='ocrx_word' id='word_1_215' title='bbox 793 3458 830 3520; x_wconf 83' lang='lat' dir='ltr'>et</span> <span class='ocrx_word' id='word_1_216' title='bbox 848 3438 1076 3544; x_wconf 70' lang='lat' dir='ltr'>acljunblum.</span> <span class='ocrx_word' id='word_1_217' title='bbox 1126 3440 1320 3522; x_wconf 87' lang='lat' dir='ltr'>Absoluta</span> 
     </span>
     <span class='ocr_line' id='line_1_28' title="bbox 173 3532 1319 3643; baseline 0.004 -14"><span class='ocrx_word' id='word_1_218' title='bbox 173 3540 199 3614; x_wconf 47' lang='grc' dir='ltr'>Γ</span> <span class='ocrx_word' id='word_1_219' title='bbox 247 3610 272 3643; x_wconf 43' lang='lat'>⁴,</span> <span class='ocrx_word' id='word_1_220' title='bbox 316 3532 353 3611; x_wconf 67' lang='lat'>²,</span> <span class='ocrx_word' id='word_1_221' title='bbox 387 3554 494 3630; x_wconf 91' lang='lat' dir='ltr'>enim</span> <span class='ocrx_word' id='word_1_222' title='bbox 514 3552 710 3633; x_wconf 83' lang='lat' dir='ltr'>consenfio</span> <span class='ocrx_word' id='word_1_223' title='bbox 729 3552 848 3631; x_wconf 89' lang='lat' dir='ltr'>causae</span> <span class='ocrx_word' id='word_1_224' title='bbox 867 3572 907 3631; x_wconf 94' lang='lat' dir='ltr'>et</span> <span class='ocrx_word' id='word_1_225' title='bbox 925 3551 1056 3631; x_wconf 71' lang='lat' dir='ltr'>effecti</span> <span class='ocrx_word' id='word_1_226' title='bbox 1076 3549 1177 3631; x_wconf 89' lang='lat' dir='ltr'>hanc</span> <span class='ocrx_word' id='word_1_227' title='bbox 1196 3555 1319 3634; x_wconf 90' lang='lat' dir='ltr'>modo</span> 
     </span>
     <span class='ocr_line' id='line_1_29' title="bbox 165 3649 1319 3773; baseline 0.003 -31"><span class='ocrx_word' id='word_1_228' title='bbox 165 3666 214 3691; x_wconf 84' lang='grc'><em>“</em></span> <span class='ocrx_word' id='word_1_229' title='bbox 235 3649 271 3696; x_wconf 76' lang='lat'>&#39;‘</span> <span class='ocrx_word' id='word_1_230' title='bbox 306 3676 334 3695; x_wconf 78' lang='lat'><em>⁷</em></span> <span class='ocrx_word' id='word_1_231' title='bbox 385 3666 558 3773; x_wconf 89' lang='lat' dir='ltr'>quodam</span> <span class='ocrx_word' id='word_1_232' title='bbox 577 3663 866 3743; x_wconf 84' lang='lat' dir='ltr'>consensronem</span> <span class='ocrx_word' id='word_1_233' title='bbox 895 3663 1056 3769; x_wconf 69' lang='lat' dir='ltr'>subjecti</span> <span class='ocrx_word' id='word_1_234' title='bbox 1081 3681 1122 3743; x_wconf 90' lang='lat' dir='ltr'>et</span> <span class='ocrx_word' id='word_1_235' title='bbox 1143 3664 1319 3771; x_wconf 77' lang='lat' dir='ltr'>adjunffi</span> 
     </span>
     <span class='ocr_line' id='line_1_30' title="bbox 164 3770 1318 3884; baseline 0.008 -35"><span class='ocrx_word' id='word_1_236' title='bbox 164 3770 306 3852; x_wconf 73' lang='lat' dir='ltr'>meriti)</span> <span class='ocrx_word' id='word_1_237' title='bbox 325 3776 522 3883; x_wconf 84' lang='lat' dir='ltr'>praeceffit.</span> <span class='ocrx_word' id='word_1_238' title='bbox 582 3777 711 3855; x_wconf 92' lang='lat' dir='ltr'>Modo</span> <span class='ocrx_word' id='word_1_239' title='bbox 730 3776 904 3884; x_wconf 90' lang='lat' dir='ltr'>quodam</span> <span class='ocrx_word' id='word_1_240' title='bbox 924 3776 1140 3855; x_wconf 89' lang='lat' dir='ltr'>consentire</span> <span class='ocrx_word' id='word_1_241' title='bbox 1159 3803 1257 3857; x_wconf 90' lang='lat' dir='ltr'>cum</span> <span class='ocrx_word' id='word_1_242' title='bbox 1277 3806 1318 3858; x_wconf 89' lang='lat' dir='ltr'>re</span> 
     </span>
     <span class='ocr_line' id='line_1_31' title="bbox 163 3888 1316 3996; baseline 0.007 -34"><span class='ocrx_word' id='word_1_243' title='bbox 163 3912 283 3993; x_wconf 91' lang='lat' dir='ltr'>quam</span> <span class='ocrx_word' id='word_1_244' title='bbox 311 3910 481 3995; x_wconf 87' lang='lat' dir='ltr'>arguunt</span> <span class='ocrx_word' id='word_1_245' title='bbox 507 3888 706 3980; x_wconf 89' lang='lat' dir='ltr'>dicuntur,</span> <span class='ocrx_word' id='word_1_246' title='bbox 727 3916 813 3996; x_wconf 87' lang='lat' dir='ltr'>quae</span> <span class='ocrx_word' id='word_1_247' title='bbox 838 3888 975 3967; x_wconf 87' lang='lat' dir='ltr'>leviter</span> <span class='ocrx_word' id='word_1_248' title='bbox 1004 3906 1044 3968; x_wconf 89' lang='lat' dir='ltr'>et</span> <span class='ocrx_word' id='word_1_249' title='bbox 1073 3888 1316 3971; x_wconf 77' lang='lat' dir='ltr'>extrinsecus</span> 
     </span>
     <span class='ocr_line' id='line_1_32' title="bbox 163 3998 1314 4097; baseline 0.005 -22"><span class='ocrx_word' id='word_1_250' title='bbox 163 4015 316 4076; x_wconf 91' lang='lat' dir='ltr'>tantum</span> <span class='ocrx_word' id='word_1_251' title='bbox 350 4000 609 4094; x_wconf 89' lang='lat' dir='ltr'>consentiunt,</span> <span class='ocrx_word' id='word_1_252' title='bbox 643 4002 670 4078; x_wconf 90' lang='lat' dir='ltr'>i.</span> <span class='ocrx_word' id='word_1_253' title='bbox 699 4028 735 4078; x_wconf 91' lang='lat' dir='ltr'>e.</span> <span class='ocrx_word' id='word_1_254' title='bbox 771 4000 868 4079; x_wconf 87' lang='lat' dir='ltr'>citra</span> <span class='ocrx_word' id='word_1_255' title='bbox 899 4001 1092 4079; x_wconf 89' lang='lat' dir='ltr'>rationem</span> <span class='ocrx_word' id='word_1_256' title='bbox 1122 3998 1314 4097; x_wconf 76' lang='lat' dir='ltr'>effentiae3</span> 
     </span>
     <span class='ocr_line' id='line_1_33' title="bbox 161 4105 1314 4218; baseline 0.007 -32"><span class='ocrx_word' id='word_1_257' title='bbox 161 4105 255 4188; x_wconf 78' lang='lat' dir='ltr'>cirm</span> <span class='ocrx_word' id='word_1_258' title='bbox 275 4137 355 4189; x_wconf 91' lang='lat' dir='ltr'>non</span> <span class='ocrx_word' id='word_1_259' title='bbox 375 4130 419 4190; x_wconf 87' lang='lat' dir='ltr'>ut</span> <span class='ocrx_word' id='word_1_260' title='bbox 438 4111 550 4191; x_wconf 86' lang='lat' dir='ltr'>causa</span> <span class='ocrx_word' id='word_1_261' title='bbox 569 4111 725 4204; x_wconf 65' lang='lat' dir='ltr'>effetSlm</span> <span class='ocrx_word' id='word_1_262' title='bbox 747 4112 800 4190; x_wconf 86' lang='lat' dir='ltr'>ita</span> <span class='ocrx_word' id='word_1_263' title='bbox 822 4111 1036 4218; x_wconf 66' lang='lat' dir='ltr'>subjeetum</span> <span class='ocrx_word' id='word_1_264' title='bbox 1056 4112 1125 4190; x_wconf 88' lang='lat' dir='ltr'>det</span> <span class='ocrx_word' id='word_1_265' title='bbox 1148 4111 1224 4192; x_wconf 80' lang='lat' dir='ltr'>effe</span> <span class='ocrx_word' id='word_1_266' title='bbox 1245 4115 1314 4194; x_wconf 88' lang='lat' dir='ltr'>ad·</span> 
     </span>
     <span class='ocr_line' id='line_1_34' title="bbox 151 4221 1313 4332; baseline 0.005 -31"><span class='ocrx_word' id='word_1_267' title='bbox 151 4221 314 4326; x_wconf 66' lang='lat' dir='ltr'>juntlm</span> <span class='ocrx_word' id='word_1_268' title='bbox 346 4251 474 4330; x_wconf 88' lang='lat' dir='ltr'>neque</span> <span class='ocrx_word' id='word_1_269' title='bbox 502 4221 577 4303; x_wconf 91' lang='lat' dir='ltr'>hoc</span> <span class='ocrx_word' id='word_1_270' title='bbox 604 4225 652 4303; x_wconf 94' lang='lat' dir='ltr'>ab</span> <span class='ocrx_word' id='word_1_271' title='bbox 680 4224 749 4301; x_wconf 93' lang='lat' dir='ltr'>illo</span> <span class='ocrx_word' id='word_1_272' title='bbox 778 4224 978 4303; x_wconf 76' lang='lat' dir='ltr'>essentiam</span> <span class='ocrx_word' id='word_1_273' title='bbox 1004 4223 1186 4332; x_wconf 88' lang='lat' dir='ltr'>accipiat.</span> <span class='ocrx_word' id='word_1_274' title='bbox 1248 4228 1313 4307; x_wconf 89' lang='lat' dir='ltr'>De</span> 
     </span>
     <span class='ocr_line' id='line_1_35' title="bbox 158 4333 1312 4443; baseline 0.004 -31"><span class='ocrx_word' id='word_1_275' title='bbox 158 4333 328 4438; x_wconf 64' lang='lat' dir='ltr'>subjeelo</span> <span class='ocrx_word' id='word_1_276' title='bbox 348 4336 457 4443; x_wconf 86' lang='lat' dir='ltr'>prius</span> <span class='ocrx_word' id='word_1_277' title='bbox 475 4334 531 4413; x_wconf 87' lang='lat' dir='ltr'>est</span> <span class='ocrx_word' id='word_1_278' title='bbox 546 4337 768 4443; x_wconf 87' lang='lat' dir='ltr'>agendum:</span> <span class='ocrx_word' id='word_1_279' title='bbox 791 4337 938 4415; x_wconf 86' lang='lat' dir='ltr'>etenim</span> <span class='ocrx_word' id='word_1_280' title='bbox 955 4336 1173 4440; x_wconf 70' lang='lat' dir='ltr'>subjeetum</span> <span class='ocrx_word' id='word_1_281' title='bbox 1191 4364 1312 4417; x_wconf 89' lang='lat' dir='ltr'>omne</span> 
     </span>
     <span class='ocr_line' id='line_1_36' title="bbox 157 4446 1311 4557; baseline 0.004 -33"><span class='ocrx_word' id='word_1_282' title='bbox 157 4446 232 4525; x_wconf 83' lang='lat' dir='ltr'>suis</span> <span class='ocrx_word' id='word_1_283' title='bbox 263 4446 452 4552; x_wconf 68' lang='lat' dir='ltr'>adjunelis</span> <span class='ocrx_word' id='word_1_284' title='bbox 479 4448 615 4527; x_wconf 71' lang='lat' dir='ltr'>natural</span> <span class='ocrx_word' id='word_1_285' title='bbox 645 4448 753 4557; x_wconf 90' lang='lat' dir='ltr'>prius</span> <span class='ocrx_word' id='word_1_286' title='bbox 785 4447 853 4540; x_wconf 89' lang='lat' dir='ltr'>est,</span> <span class='ocrx_word' id='word_1_287' title='bbox 883 4469 923 4528; x_wconf 90' lang='lat' dir='ltr'>et</span> <span class='ocrx_word' id='word_1_288' title='bbox 949 4448 1249 4556; x_wconf 91' lang='lat' dir='ltr'>quodammodo</span> <span class='ocrx_word' id='word_1_289' title='bbox 1275 4448 1311 4529; x_wconf 86' lang='lat' dir='ltr'>se</span> 
     </span>
     <span class='ocr_line' id='line_1_37' title="bbox 156 4557 1091 4677; baseline 0.002 -41"><span class='ocrx_word' id='word_1_290' title='bbox 156 4557 274 4677; x_wconf 58' lang='lat' dir='ltr'>halget</span> <span class='ocrx_word' id='word_1_291' title='bbox 294 4558 342 4638; x_wconf 88' lang='lat' dir='ltr'>ad</span> <span class='ocrx_word' id='word_1_292' title='bbox 362 4560 603 4665; x_wconf 68' lang='lat' dir='ltr'>adjunttum,</span> <span class='ocrx_word' id='word_1_293' title='bbox 626 4580 670 4638; x_wconf 91' lang='lat' dir='ltr'>ut</span> <span class='ocrx_word' id='word_1_294' title='bbox 688 4559 800 4639; x_wconf 91' lang='lat' dir='ltr'>causa</span> <span class='ocrx_word' id='word_1_295' title='bbox 820 4560 869 4639; x_wconf 86' lang='lat' dir='ltr'>ad</span> <span class='ocrx_word' id='word_1_296' title='bbox 889 4559 1091 4640; x_wconf 72' lang='lat' dir='ltr'>effectum.</span> 
     </span>
    </p>
   </div>
   <div class='ocr_carea' id='block_1_8' title="bbox 0 0 1482 4980">
    <p class='ocr_par' dir='ltr' id='par_1_9' title="bbox 0 0 1482 4980">
     <span class='ocr_line' id='line_1_38' title="bbox 0 0 1482 4980; baseline 0 5"><span class='ocrx_word' id='word_1_297' title='bbox 0 0 1482 4980; x_wconf 95' lang='lat' dir='ltr'> </span> 
     </span>
    </p>
   </div>
  </div>
 </body>
</html>
