2956 4980
165 255 242 335 192
406 221 568 316 Literae
594 223 787 317 Senatus
811 215 1081 350 Anglicani.

128 484 132 493 ³
159 397 261 475 neris
287 395 397 488 teste,
417 395 465 474 ad
487 393 720 502 Majestatem
740 393 905 501 Vestram
925 394 1158 501 legavimus.
1204 397 1311 475 Eum

159 507 292 615 itaque
312 505 483 613 benigne
503 507 652 601 audire,
677 504 797 585 fidem
817 507 855 585 ei
874 502 1075 601 adhibere,
1096 506 1179 612 ejus
1201 509 1309 588 deni·

161 646 239 725 que
260 618 526 727 incolumitati
545 637 662 725 atque
681 614 838 710 honori,
854 644 926 726 per
944 645 1083 699 omnes
1102 621 1216 727 regni
1229 620 1305 699 ves-

166 731 216 809 tri
235 729 345 823 fines,
360 748 405 809 ut
422 730 519 809 velis
538 727 738 809 consulere
753 727 1006 809 obtestamur.
1065 731 1166 810 Haec
1180 733 1303 811 omnia

158 858 198 920 et
224 841 335 922 nobis
359 860 553 950 pergrata,
581 861 621 920 et
640 837 838 948 Majestati
857 839 1009 947 Vestra,
1034 841 1063 920 fi
1090 840 1193 922 forte
1225 843 1301 923 usus

159 953 323 1046 venerit,
333 952 461 1033 nostra
472 953 655 1032 omniurn
667 951 797 1031 officia
812 950 1045 1032 mutua-sore
1058 954 1296 1064 pollicemur.

251 1064 570 1172 Westmonasterio.
631 1065 733 1144 Dat.
756 1061 846 1144 Feb.
867 1087 907 1163 4.
933 1063 1054 1170 1649.

189 1450 408 1557 Serenfflmo
429 1449 608 1559 Principi
624 1448 769 1554 Joanni
788 1449 935 1556 Quarto
952 1447 1164 1552 Lraſstaniae
1180 1447 1280 1557 Regi,

309 1563 593 1645 Parlamentum
609 1559 768 1669 Reipub.
790 1559 960 1667 Angliae,
966 1560 1146 1666 salutem.

264 1712 471 1821 Uotidiani
493 1738 589 1832 fere,
613 1759 653 1817 et
667 1735 859 1848 perqudm
874 1764 1009 1845 graves
1029 1737 1248 1820 afferuntur
1263 1735 1300 1820 sd

291 1880 361 1932 nos
378 1852 521 1944 nuntii,
547 1850 766 1931 Claffiarios
785 1849 973 1959 quosdam
993 1850 1158 1945 nostros,
1181 1870 1222 1932 et
1239 1879 1303 1960 gu·

165 1963 402 2056 bernatores,
416 1964 485 2072 qui
497 1962 673 2043 abductis
685 1991 757 2072 per
769 1961 890 2042 scelus
902 1980 1019 2070 atque
1032 1962 1305 2071 proditionem,
1350 1948 1353 2007 ³

162 2075 307 2182 quibus
322 2094 524 2185 praeerant,
545 2073 722 2169 navibus,
739 2073 936 2183 superiore
954 2070 1094 2153 annoi
1113 2075 1228 2155 nobis
1245 2075 1308 2156 de·

162 2181 350 2280 fecerant,
378 2185 524 2296 elapsos
549 2182 715 2266 demum
740 2213 861 2266 exeo
890 2203 1006 2293 portu
1026 2183 1247 2279 Hiberniae,
1274 2186 1310 2266 in

162 2325 244 2404 quo
263 2298 389 2378 aestate
405 2295 529 2377 ferme
547 2297 626 2377 totd
641 2296 792 2390 obseffi,
807 2297 875 2376 vix
888 2322 1048 2405 poenam
1064 2295 1140 2377 suis
1155 2296 1313 2405 flagitiis

163 2410 326 2516 dignam
346 2408 580 2516 effugerant,
601 2407 650 2488 ad
662 2408 870 2514 Lufitaniae
885 2435 990 2488 nunc
1004 2434 1130 2501 oram,
1148 2405 1314 2520 Tagique

163 2518 338 2600 fluminis
354 2521 500 2601 ostium
514 2519 551 2599 se
567 2520 775 2630 recepisse:
806 2521 868 2601 Ibi
883 2519 1006 2629 captis
1019 2538 1137 2628 atque
1149 2520 1316 2631 direptis

164 2659 251 2738 quae
277 2632 326 2711 ad
351 2651 614 2712 mercaturam
633 2629 738 2711 ultro
762 2629 939 2739 citrdque
963 2650 1203 2727 commeant,
1224 2636 1315 2714 Aa·

159 2744 307 2849 glorum
330 2743 512 2850 navigiis,
542 2744 748 2853 piraticam
772 2741 924 2824 strenue
949 2739 1093 2836 facere,
1117 2761 1157 2822 et
1182 2746 1316 2825 vicina

164 2882 329 2963 quaque
343 2857 479 2948 maria,
494 2851 717 2964 fretumque
730 2881 848 2934 omne
860 2853 1103 2934 Gaditanum
1117 2854 1318 2938 latrocinia

164 2965 351 3046 infestum
366 2985 483 3075 atque
499 2965 647 3047 infame
660 2965 876 3046 reddidisse.
936 2965 1017 3045 Cui
1030 2966 1136 3046 malo
1148 2966 1221 3046 nifi
1232 2970 1317 3078 pri·

164 3105 232 3158 mo
258 3106 417 3187 quoque
450 3096 627 3186 tempore
658 3077 818 3157 obviam
848 3095 972 3171 eatur,
998 3080 1130 3157 aetum
1157 3076 1233 3158 esse
1265 3083 1317 3159 de

163 3190 420 3283 commercio,
451 3190 558 3297 quod
587 3189 724 3280 nostris
752 3186 980 3269 hominibus
1004 3216 1100 3269 cum
1121 3188 1319 3293 Lusttanis

165 3302 418 3409 peramplum
433 3320 472 3379 et
489 3329 559 3409 per
574 3300 731 3409 utrique
748 3301 857 3406 genti
872 3298 1130 3407 quaestuosum
1142 3301 1213 3394 est,
1226 3303 1318 3411 quis

165 3438 243 3489 non
264 3413 397 3491 videt?
427 3410 702 3522 Qamobrem
721 3409 1099 3521 aVsysraMajestate
1113 3414 1235 3492 etiam
1256 3435 1318 3495 at-

163 3550 240 3630 que
260 3524 380 3603 etiarn
407 3526 596 3633 petimus,
623 3542 667 3603 ut
690 3524 833 3633 piratas
855 3523 1004 3603 nostros
1024 3542 1064 3603 et
1081 3522 1316 3619 defectores,

166 3635 419 3743 Portugalliae
438 3635 582 3715 finibus
610 3637 719 3715 exire
741 3634 906 3740 jubeam
934 3654 974 3714 et
1005 3632 1154 3743 siquid
1182 3637 1319 3718 Carolo

166 3746 324 3828 Stuarro
342 3746 610 3855 pseudolegati
628 3746 780 3839 adsunt,
805 3774 944 3825 eorum
963 3746 1022 3826 uti
1049 3748 1244 3828 rationem
1269 3777 1318 3829 ne

164 3855 307 3939 habere
337 3859 533 3965 digneris3
570 3857 717 3966 nosque
750 3859 881 3967 potius
912 3857 1108 3965 agnoscas,
1137 3859 1186 3939 ad
1216 3888 1319 3969 quos

164 3971 415 4074 Anglicarum
428 3970 514 4076 jam
534 3970 687 4050 summa
702 3999 848 4063 rerum,
866 3970 957 4050 Deo
976 3969 1090 4080 plane
1108 3969 1317 4082 aspirante,

164 4079 303 4173 rediit;
345 4100 467 4188 utque
497 4082 632 4163 nostrae
661 4085 879 4163 amicorum
911 4081 1046 4175 Claffi,
1074 4109 1154 4163 non
1185 4084 1319 4164 minus

163 4191 296 4273 vestris
322 4221 443 4300 quam
464 4194 676 4299 Anglorum
695 4193 916 4273 commodis
942 4192 1180 4288 inservienti,
1202 4195 1318 4301 Luſs-

162 4304 280 4386 tanr'ae
299 4325 450 4413 portus,
472 4324 588 4413 atque
609 4305 770 4386 flumina
790 4306 975 4415 praeludi
995 4332 1043 4386 ne
1064 4305 1174 4387 finas.
