2956 4980
442 221 735 324 Prolustones
760 227 1000 322 Oratoriae.
1222 239 1304 348 467

156 403 233 481 erit
251 419 350 510 quot
376 429 496 481 annos
523 402 695 507 integros
723 399 978 479 lucrabimur.
1040 401 1174 512 Qid!
1204 401 1310 508 quod

159 514 515 623 jurisprudentiam
529 512 739 622 prasertim
752 512 920 591 nostram
936 511 1087 592 turbata
1102 512 1312 593 methodus

159 627 355 719 obscurat,
376 645 415 706 et
435 627 541 735 quod
562 625 671 734 pejus
691 625 760 718 est,
782 623 905 702 sermo
926 624 1053 704 nescio
1073 628 1176 733 quis,
1196 629 1313 704 Ame-

160 739 314 819 ricanur
340 740 473 831 credo,
510 756 578 817 aut
605 764 652 816 ne
681 735 875 816 humanus
903 737 1080 844 quidem,
1111 765 1192 845 quo
1220 765 1313 816 cum

161 850 258 960 sape
279 851 490 957 Leguleios
512 851 659 929 nostros
678 848 923 928 clamitantes
941 849 1174 942 audiverim,
1195 849 1314 928 dubi-

162 982 259 1056 tare,
276 962 395 1042 subiit
413 960 556 1071 quibus
577 989 656 1040 non
675 959 767 1040 ellet
785 956 1007 1038 humanum
1023 989 1065 1041 os
1086 980 1125 1039 et
1142 961 1313 1069 loquela,

161 1103 211 1154 an
232 1094 271 1154 et
292 1073 352 1153 his
373 1076 445 1152 ulli
461 1072 622 1152 affeetus
642 1071 811 1151 humani
831 1071 1023 1166 adessent3
1055 1100 1190 1152 vereor
1210 1092 1314 1152 certe

163 1206 209 1265 ut
229 1187 344 1295 poffit
362 1214 432 1265 nos
454 1185 579 1264 saneta
594 1183 752 1288 Justitia
773 1182 976 1291 respicere,
998 1212 1133 1263 vereor
1154 1203 1198 1263 ut
1217 1212 1316 1292 que·

164 1301 262 1378 relas
283 1300 363 1378 ullo
380 1317 559 1406 tempore
576 1297 720 1375 nostras
737 1313 803 1375 aut
819 1294 976 1400 injurias
991 1296 1199 1403 intelligat,
1213 1324 1316 1404 quo·

165 1438 256 1489 rum
276 1411 413 1517 lingua
441 1409 551 1518 loqui
578 1407 734 1487 nesciat.
797 1412 1066 1517 Qapropter,
1087 1409 1314 1502 Auditores,

166 1523 371 1601 finullum
392 1550 413 1600 a
433 1521 600 1631 pueritia
620 1521 727 1599 diem
747 1518 825 1598 fine
844 1521 1048 1628 praeceptis
1071 1538 1111 1598 et
1133 1520 1316 1625 diligenti

167 1635 295 1713 studio
315 1662 486 1713 vacuum
513 1634 568 1711 ire
596 1631 824 1722 finamus,fi
850 1631 891 1708 in
917 1650 1013 1724 arte,
1034 1631 1160 1711 aliena
1186 1631 1317 1740 super·

167 1774 334 1825 vacanea
354 1745 475 1826 otiosa
496 1744 685 1854 sapienter
703 1743 948 1835 omittamus,
969 1763 1072 1822 certe
1101 1745 1200 1823 intra
1227 1762 1317 1822 aeta-

168 1866 251 1936 teni
277 1857 497 1937 Alexandri
520 1856 656 1962 magni
683 1854 807 1959 majus
833 1855 1023 1961 quiddam
1051 1874 1089 1934 et
1116 1856 1318 1964 gloriosius

168 1970 238 2049 illo
265 1988 453 2049 terrarum
484 1967 577 2048 orbe
604 1966 899 2073 subegerimus:
935 1985 1170 2075 tantumque
1197 1966 1320 2047 aberit

167 2109 250 2189 quo
270 2082 400 2161 minus
420 2081 654 2160 brevitatem
674 2081 775 2171 vitae,
795 2097 863 2158 aut
882 2080 974 2158 artis
993 2079 1151 2158 taedium
1170 2079 1321 2158 incuse-

169 2221 274 2287 mus,
288 2212 332 2270 ut
348 2192 439 2271 flere
455 2211 496 2271 et
514 2190 750 2300 lachrymari
765 2192 988 2299 promptius
1009 2190 1120 2269 nobis
1139 2189 1320 2270 futurum

169 2307 343 2396 credam,
360 2323 404 2382 ut
423 2303 482 2382 illi
501 2304 615 2396 olim,
632 2331 710 2382 non
732 2303 860 2408 plures
880 2301 1068 2411 superesse
1088 2303 1256 2381 mundos
1271 2304 1321 2382 de

170 2417 315 2525 quibus
332 2413 637 2524 triumphemus.
697 2413 865 2521 Expirat
877 2414 1115 2520 Ignorantia,
1124 2415 1209 2521 jam
1226 2414 1322 2494 ulti·

170 2557 258 2607 mos
278 2528 407 2606 videte
428 2546 590 2606 conatus
609 2544 649 2604 et
668 2525 905 2605 morientem
926 2525 1095 2620 lustam;
1129 2527 1322 2607 Mortales

171 2640 366 2748 praecipue
390 2638 515 2745 gloria
543 2638 665 2744 tangi,
687 2638 867 2744 antiquos
897 2638 984 2717 illos
1013 2639 1178 2718 illustres
1204 2640 1322 2745 longa

172 2778 365 2830 annorum
392 2751 505 2829 series
532 2768 650 2857 atque
677 2749 858 2828 decursus
887 2777 979 2828 eum
1006 2749 1227 2844 celebralrit,
1253 2778 1322 2830 nos

172 2864 372 2971 decrepito
401 2861 541 2941 mundi
567 2861 687 2954 seni0,
718 2888 787 2939 nos
815 2881 1047 2970 properante
1073 2890 1205 2942 rerum
1232 2891 1322 2941 om-

172 2975 284 3053 nium
320 2974 460 3054 occasu*
491 2973 634 3082 premi,
664 2973 691 3050 fi
725 2973 821 3081 quid
855 2972 1146 3081 praedicandum
1180 2993 1322 3054 aeterna

173 3086 286 3165 laude
307 3086 596 3194 reliquerimus,
618 3084 793 3163 nostrum
821 3111 967 3163 nomen
987 3085 1026 3163 in
1052 3084 1215 3193 angusto
1234 3114 1323 3166 ver·

174 3197 260 3289 sari,
276 3197 386 3302 cujus
406 3198 453 3276 ad
475 3198 712 3276 memoriam
727 3197 793 3274 vix
815 3195 893 3274 ulla
913 3196 1113 3305 posteritas
1130 3198 1322 3293 succedat,

173 3307 313 3387 frustra
326 3309 410 3414 jam
431 3327 489 3388 tot
502 3308 641 3387 Libros
656 3326 695 3386 et
710 3308 888 3416 praeclara
904 3310 1052 3415 ingenii
1067 3329 1325 3390 monumenta

176 3421 240 3499 edi
261 3422 508 3526 quaevicinus
528 3420 668 3499 mundi
689 3445 806 3524 rogus
821 3420 1018 3499 cremalrit.
1060 3423 1157 3501 Non
1172 3421 1326 3502 inficior

178 3533 277 3612 illud
298 3532 371 3610 esse
393 3532 496 3640 poss'e
517 3530 747 3622 verifimile;
778 3548 818 3608 at
832 3558 924 3610 vero
944 3559 1021 3611 non
1042 3535 1187 3614 morari
1206 3535 1328 3642 glori-

176 3672 355 3723 ameum
376 3643 475 3723 bene
496 3643 648 3735 feceris,
669 3643 709 3721 id
737 3640 850 3751 supra
875 3672 1038 3724 omnem
1063 3647 1231 3753 gloriam
1256 3647 1325 3726 est.

179 3762 315 3867 Qam
336 3754 437 3834 nihil
452 3755 583 3834 beavit
597 3754 687 3834 istos
702 3755 827 3832 inanis
843 3753 1055 3835 hominum
1076 3759 1202 3837 sermo
1217 3759 1328 3864 cujus

177 3869 225 3947 ad
246 3865 417 3947 absentes
441 3885 481 3946 et
508 3885 684 3946 mortuos
712 3866 819 3944 nulla
838 3868 1032 3977 voluptas,
1054 3870 1182 3950 nullus
1203 3869 1327 3950 sensus

177 3980 380 4088 pervenire
402 3980 558 4089 potuit?
589 4006 659 4058 nos
686 3977 967 4087 sempiternum
991 4009 1116 4061 aevum
1141 3987 1328 4091 expetite-

178 4119 267 4171 mus
287 4092 394 4200 quod
421 4090 640 4170 nostrorum
667 4092 706 4169 in
736 4091 846 4169 terris
872 4090 1006 4171 saltem
1032 4092 1328 4175 benefastorum

178 4205 414 4282 memoriam
447 4230 649 4309 nunquam
677 4203 846 4297 delebit;
878 4203 918 4281 in
945 4232 1040 4312 qu0,
1073 4207 1100 4284 fi
1132 4205 1229 4314 quid
1260 4204 1328 4285 hic

179 4313 345 4424 pulchre
372 4316 604 4408 meruimus,
626 4313 825 4424 praesentes
855 4316 925 4423 ipsi
951 4317 1169 4411 audiemus,
1188 4319 1227 4396 in
1248 4347 1330 4428 quo

179 4430 249 4535 qui
271 4429 378 4537 prius
399 4431 438 4507 in
460 4426 533 4505 hac
549 4430 628 4507 vita
647 4427 977 4507 continentiffime
991 4431 1075 4511 asta
1087 4458 1206 4510 omne
1227 4449 1330 4510 tem-
