2956 4980
194 197 313 331 Cap.
333 238 402 322 30.
500 195 692 296 Plenior
717 193 967 294 Institutio.
1259 235 1312 320 93

158 371 363 467 obtineat3
403 370 501 453 ficut
531 372 608 453 alia
631 392 958 502 argumentorum
990 371 1111 482 paria,
1133 400 1219 481 quae
1249 401 1320 453 no·

159 482 282 567 minis
301 482 477 591 ejusdem
495 512 575 565 non
591 484 693 564 sunt.
728 484 794 564 Ad
814 486 1165 595 reciprocationem
1185 503 1318 566 autem

158 597 271 706 quod
289 596 432 677 attinet
433 625 545 706 ,quae
563 595 784 678 definitioni
803 624 897 678 cum
916 595 1187 678 distributione
1206 626 1318 679 com-

159 735 297 790 munta
308 708 380 803 est
392 736 438 789 ea
449 708 689 792 definitionis
701 726 741 789 et
752 707 904 790 defimtr
916 705 1224 789 manrfestrffima
1235 709 1317 790 est

159 821 315 930 Logica
333 821 444 902 enim
467 822 524 903 est
549 849 610 905 ars
636 822 736 902 bene
763 821 1046 917 ratiocinandi3
1077 841 1118 902 et
1136 823 1317 917 viciffim,

159 961 222 1015 are
252 932 354 1014 bene
385 933 643 1015 ratiocinandi
670 934 726 1014 est
749 935 913 1041 Logica.
973 934 1108 1043 Atque
1132 935 1181 1013 ad
1212 933 1319 1014 hunc

159 1044 332 1127 modum
343 1047 474 1127 omnis
488 1045 681 1141 definitio,
694 1064 739 1126 ut
754 1045 934 1126 nonnulli
946 1044 1050 1126 reete
1065 1067 1319 1142 monuerunt,

158 1157 414 1239 converfione
432 1157 695 1239 examinanda
714 1157 794 1237 est.
824 1157 928 1237 unde
948 1158 1139 1253 Boethius,
1162 1154 1317 1269 Top.5.

157 1298 276 1353 omnts
253 1268 465 1377 definitio,
485 1271 555 1366 rei,
575 1300 685 1380 quam
703 1268 844 1377 definit,
863 1269 1119 1461 adaequaturll

219 1380 405 1490 Definitio
429 1383 479 1492 est
499 1383 675 1493 perfeblo
700 1400 770 1462 aut
797 1381 1041 1492 rinperfeblo:
1071 1383 1139 1462 illa
1114 1381 1319 1493 aproprii

159 1492 341 1603 definitio,
356 1495 438 1575 hac
455 1493 646 1604 descriptio
664 1493 818 1575 dicitur.

220 1604 403 1714 Definitio
415 1607 589 1716 perfetio
607 1608 669 1717 est,
689 1636 774 1716 quae
791 1605 930 1713 constat
945 1604 1063 1712 isolis
1074 1603 1191 1708 coasts
1209 1602 1321 1714 effen-

159 1716 259 1799 tiam
284 1718 595 1828 restituentibus.
655 1717 868 1798 Redundat
893 1745 987 1826 ergo
1019 1721 1062 1797 in
1091 1715 1323 1796 definitione

161 1828 341 1941 perfeda
358 1831 552 1941 quicquid
570 1849 753 1941 praterea
773 1831 946 1940 ponitur.

224 1942 358 2050 Causa
385 1960 510 2024 autem
540 1943 616 2024 illae
640 1972 774 2051 genere
803 1958 840 2021 et
856 1941 992 2050 forma
1017 1940 1320 2050 comprehendun-

162 2072 249 2135 tur.

224 2167 363 2247 Genus
393 2166 502 2246 enim
528 2183 569 2244 et
595 2165 723 2247 forma
745 2167 849 2273 (quae
876 2163 965 2244 sunt
991 2164 1098 2274 quafi
1117 2192 1260 2274 corpus
1280 2183 1320 2244 et

164 2279 300 2359 anima
326 2276 582 2385 definitionis)
603 2297 728 2359 totam
756 2278 812 2357 rei
838 2277 1038 2358 essentiam
1064 2276 1319 2356 constituunt.

165 2391 310 2471 Non
297 2410 353 2471 ιιι
383 2408 517 2470 tamen
547 2388 755 2471 necessario
786 2390 997 2496 requiritur
1022 2391 1064 2468 in
1094 2388 1321 2468 definitione

164 2502 344 2640 perfecta
362 2529 500 2610 genus,
516 2521 560 2581 ut
580 2502 752 2612 perfecta
765 2530 844 2581 non
860 2501 905 2581 ιιι
921 2501 989 2582 nifi
1009 2528 1132 2610 genus
1150 2499 1320 2581 habeat:

167 2612 350 2745 primum
376 2616 499 2709 enim,
524 2613 770 2695 summorum
796 2641 1001 2721 generum,
1029 2632 1074 2693 ut
1100 2614 1325 2722 argumenti

166 2730 210 2807 in
237 2729 430 2836 Logica
420 2728 660 2821 inventione,
691 2754 814 2833 genus
847 2726 1004 2806 nullum
1034 2726 1114 2822 est3
1145 2727 1210 2806 sed
1240 2745 1322 2806 tota

167 2868 309 2921 eorum
328 2839 485 2919 essentia
500 2838 569 2918 sub
584 2838 666 2968 ipsa
681 2839 809 2919 forma
824 2841 1071 2934 continetur;
1102 2867 1188 2947 quae
1201 2841 1322 2919 etiam

167 2949 1062 3060 materramuseonven1entemcomple6l1tur
1082 2949 1322 3030 demdefierr

166 3064 298 3174 potest
316 3081 361 3144 ut
384 3062 472 3173 ipsae
494 3063 612 3143 causae
635 3061 788 3143 facilius
811 3082 1017 3143 occurrant
1040 3089 1161 3170 quam
1184 3090 1321 3141 earum

166 3175 394 3284 symbolum
413 3202 551 3282 genus.
611 3176 750 3283 ltaque
771 3175 798 3254 fi
818 3203 868 3254 ex
892 3176 980 3284 ipsis
1002 3175 1123 3255 causis
1143 3173 1321 3254 definitio

165 3288 332 3380 constat,
354 3286 526 3396 perfecta
546 3288 644 3383 erit3
675 3288 703 3366 fi
731 3315 782 3368 ex
806 3314 964 3395 genere,
984 3286 1216 3369 succinctior
1235 3306 1322 3366 tan·

166 3419 272 3480 tum.
332 3401 470 3479 Genus
496 3418 629 3479 autem
657 3401 902 3509 proximum,
931 3427 1010 3479 non
1039 3418 1253 3494 remotum,
1280 3401 1323 3478 in

164 3509 398 3592 definitione
424 3511 577 3621 semper
602 3510 658 3590 est
684 3511 936 3639 ponendum:
968 3512 1039 3619 qui
1058 3512 1166 3592 enim
1186 3514 1322 3641 proxi-

167 3650 286 3704 mum
305 3624 432 3733 ponit,
453 3625 666 3704 remotiora
681 3623 801 3703 etiam
817 3622 968 3754 posuit:
1001 3625 1070 3704 nisr
1090 3626 1322 3733 proximum

166 3731 274 3816 forte
303 3763 547 3844 anonymum
578 3736 649 3829 fit3
688 3753 776 3815 tum
806 3739 915 3816 enim
945 3753 985 3814 et
1015 3734 1322 3843 quotiescunque

166 3847 342 3958 generis,
359 3849 435 3928 five
454 3874 698 3955 anonymum
714 3847 760 3928 fit
781 3848 856 3927 five
877 3875 970 3941 non,
987 3847 1104 3957 paulo
1119 3868 1208 3928 ante
1223 3847 1324 3928 facta

167 3961 323 4041 mentio
343 3961 413 4055 est,
433 3960 557 4040 abesse
577 3987 700 4090 genus
727 3961 767 4040 in
787 3960 1029 4055 definitione,
1051 3980 1090 4040 et
1109 3958 1212 4040 redte
1232 3960 1323 4040 sub-

168 4072 342 4181 intelligi
357 4073 509 4182 potest:
530 4092 576 4152 ut
588 4074 628 4151 in
640 4069 714 4151 hac
731 4072 811 4183 ipsa
826 4072 1063 4152 definitionis
1080 4071 1322 4167 definitione,

168 4212 296 4295 genus
322 4204 537 4280 remotum,
568 4212 712 4293 nempe
739 4203 872 4266 ortum
898 4203 1203 4293 argumentum3
1235 4204 1326 4265 tum

170 4296 293 4378 etiam
313 4300 561 4408 proximum,
582 4323 726 4404 nempe
753 4296 855 4376 reale
876 4316 916 4376 et
934 4297 1212 4428 composrtum,
1234 4297 1324 4375 sub-

170 4410 423 4517 intelligitur.
483 4416 620 4520 Qam
635 4426 767 4488 autem
781 4406 1324 4490 hlcsormamindefinitione

171 4520 433 4632 appellamus,
455 4523 633 4632 plerique
654 4520 918 4602 differentiam
938 4540 1090 4602 vocant.
1150 4520 1226 4603 Sed
1245 4519 1325 4602 dif-
