2956 4980
162 240 241 346 358
375 225 611 354 Scriptum
636 227 782 316 Dom.
811 222 1103 318 Protedtoris.

161 399 259 506 sent)
289 397 462 508 ipsorum
488 396 649 491 assensu,
682 425 732 476 ex
760 395 930 476 secundo
958 396 1135 505 proximi
1161 394 1321 476 foederis

163 512 343 605 articulo,
357 509 554 618 sequitur;
576 537 804 618 quanquam
818 508 940 588 etiam
957 536 1085 617 neque
1100 506 1323 618 supradista

164 624 398 703 colonorum
422 620 595 715 societas,
626 650 698 701 nec
722 620 882 701 suorum
906 621 1116 729 quisquam
1144 620 1229 699 ullo
1253 620 1322 700 suo

166 733 268 815 fadto
291 734 440 841 justam
467 734 691 814 offenfionis
719 733 875 813 causam
905 733 965 812 vel
992 731 1190 841 Hstaniae
1220 734 1321 840 regi,

166 848 229 926 vel
262 847 514 957 Hfitanorum
543 847 731 954 cuiquam
761 844 990 954 praebuerat,
1019 846 1146 923 donec
1170 845 1323 954 priores

167 959 237 1069 ipsr
260 987 375 1039 naves
396 958 540 1038 nostras
556 977 674 1064 atque
689 958 862 1037 colonias
876 957 916 1035 vi
933 956 1161 1049 invafiffent,
1176 975 1218 1035 et
1230 960 1320 1036 An—

160 1072 308 1178 glorum
333 1070 439 1151 haud
464 1097 625 1178 paucos,
651 1071 813 1150 incensrs
838 1071 959 1150 etiam
982 1096 1122 1149 eorum
1144 1066 1321 1148 aedificiis

165 1210 210 1262 ac
235 1181 401 1276 sedibus,
423 1180 725 1276 interseciffent3
758 1179 925 1289 Hispani
941 1200 1088 1271 tamen,
1113 1207 1210 1259 cum
1231 1180 1320 1258 nul-

167 1295 247 1374 lam
277 1296 324 1374 iis
352 1296 392 1374 in
421 1296 516 1375 locis
544 1322 683 1404 pacem
711 1294 860 1374 servare
887 1291 1113 1385 statuissent,
1137 1292 1244 1370 circa
1264 1317 1317 1371 22

165 1406 361 1515 Januarii
373 1436 386 1486 1
397 1408 421 1486 6
428 1433 494 1514 32,
508 1406 615 1486 nulla
625 1405 766 1511 injuria
778 1404 952 1499 laceffiti,
967 1431 1108 1484 navem
1118 1404 1320 1512 quandam

167 1518 373 1613 societatis,
393 1521 459 1598 cui
481 1547 626 1600 nomen
647 1519 733 1599 Flos
752 1517 942 1610 Marinos,
961 1516 1009 1596 ab
1031 1515 1154 1595 insula
1174 1516 1318 1596 Proui-

60 1638 62 1642 '
166 1630 299 1712 dentice
319 1632 565 1724 redeuntem,
588 1632 688 1710 inter
709 1626 916 1736 Tortugam
940 1647 981 1709 et
1004 1626 1168 1707 Florida
1195 1646 1317 1736 caput

166 1740 358 1823 hostiliter
376 1743 540 1852 aggreffi
556 1741 656 1840 sunt,
673 1743 714 1821 in
730 1769 809 1849 qua
829 1767 960 1849 pugna
980 1739 1189 1820 nonnullos
1211 1740 1253 1818 in
1273 1767 1318 1818 ea

166 1855 254 1934 navi
274 1854 516 1948 occiderunt,
536 1855 632 1933 alios
651 1854 918 1933 vulnerarunt.

225 1964 316 2043 Post
345 1964 427 2044 haec
455 1993 558 2045 anno
586 1967 743 2046 circiter
774 1967 895 2072 1634,
921 1965 1086 2070 Tortuga
1113 1961 1240 2041 insula
1268 1961 1318 2041 ab

167 2073 346 2183 Hispanis
359 2105 453 2156 curn
469 2096 637 2183 quatuor
654 2076 815 2157 navibus
831 2093 1057 2185 oppugnata
1071 2074 1141 2168 est,
1157 2101 1253 2153 curn
1268 2074 1316 2153 ab

166 2187 307 2294 Anglis
332 2188 439 2268 nulla
463 2188 605 2293 injuria
628 2208 763 2270 exorta
787 2189 903 2268 esset:
939 2190 982 2267 in
1005 2215 1083 2296 qua
1105 2214 1317 2295 oppugna-

167 2297 273 2378 tione
291 2298 490 2408 sexaginta
502 2300 564 2379 vel
581 2302 751 2411 amplius
766 2300 879 2381 occisr
900 2300 1001 2392 sunt,
1023 2298 1139 2378 multi
1156 2298 1316 2378 sauciati

37 2492 42 2503 ,
166 2436 211 2489 ac
239 2413 358 2522 capti,
390 2412 494 2492 sedes
523 2413 673 2506 deletae,
703 2413 845 2492 domus
873 2410 1049 2504 incensae,
1078 2410 1181 2489 bona
1210 2408 1318 2490 haud

164 2522 274 2629 parvi
295 2524 413 2629 pretii
431 2522 479 2601 ab
500 2523 678 2633 Hypanis
702 2523 907 2632 asportata,
933 2523 1060 2630 Angli
1082 2523 1238 2628 penitus
1265 2550 1315 2600 ex

165 2658 210 2710 ea
230 2632 352 2712 insula
371 2633 525 2737 dejecti,
548 2663 719 2741 quorum
744 2636 810 2714 alii
835 2635 1040 2744 suspendio
1065 2633 1220 2726 sublati,
1248 2635 1316 2713 alii

165 2745 371 2824 Hananam
387 2744 544 2824 abdutri
560 2748 601 2824 in
615 2747 795 2827 servitute
809 2747 1025 2826 miserrima
1040 2746 1181 2825 retenti
1202 2744 1313 2839 sunt;

164 2882 264 2934 unus
279 2859 531 2964 praecaeteris,
552 2859 616 2936 cui
638 2887 781 2938 nomen
807 2862 973 2968 Grymes,
992 2858 1119 2966 quiin
1142 2853 1317 2964 Tortuga

165 2966 459 3047 bombardarius
482 2966 622 3062 suerat,
648 2971 858 3050 crudeliter
877 2971 933 3049 est
955 2970 1192 3060 trucidatus;
1225 2997 1315 3078 pars

106 3182 110 3190 Ι
163 3077 211 3156 ad
225 3078 415 3158 desertam
429 3081 627 3187 quandam
643 3079 808 3160 insulam
820 3081 1066 3190 confugiens,
1082 3082 1147 3159 cui
1162 3081 1316 3161 Sanllae

165 3189 301 3268 Crucis
327 3218 473 3270 nomen
496 3191 566 3284 est,
591 3193 639 3270 ab
664 3192 858 3302 Hffpanis,
891 3197 960 3302 qui
985 3223 1033 3273 eo
1064 3194 1186 3271 etiam
1216 3221 1314 3272 cum

164 3300 287 3379 tribus
319 3302 481 3382 navibus
501 3302 628 3410 longis
649 3303 845 3412 fugientes
875 3303 1218 3414 persequebantur,
1240 3333 1314 3412 op-

163 3429 334 3516 pugnata
355 3413 484 3492 mense
505 3417 654 3495 Martio
680 3419 799 3522 1636,
820 3419 1075 3526 quadraginta
1100 3415 1231 3508 occifi,
1251 3445 1314 3496 re-

161 3519 259 3628 liqui
280 3526 385 3630 capti
405 3544 444 3602 et
462 3526 723 3607 crudeliffime
743 3530 907 3637 accepti.

218 3634 338 3711 Anno
375 3637 476 3741 1635
514 3635 624 3742 Julii
661 3664 728 3738 24,
768 3641 933 3747 Hypani
962 3640 1112 3719 duabus
1148 3638 1313 3717 navibus

66 3774 69 3779 ’
162 3744 316 3851 magnis
337 3774 492 3853 unaque
512 3747 629 3856 longa
648 3751 797 3829 adveni
819 3753 860 3829 in
877 3752 1133 3832 Providentiae
1150 3778 1312 3858 quoque

162 3854 327 3934 insulam
344 3857 540 3966 impetum
556 3858 746 3956 fecerunt,
761 3864 1109 3971 compluriumque
1123 3859 1313 3940 horarum

161 3963 283 4090 spatio
299 3969 477 4074 praelium
498 3970 553 4049 ibi
568 3973 871 4068 commiserunt;
903 3996 1043 4055 ertum
1064 3974 1230 4082 quidem
1250 4001 1313 4052 re-

152 4076 248 4179 Jesti
269 4077 369 4171 sunt,
386 4100 426 4160 et
446 4080 493 4159 ab
514 4085 686 4192 incoepto
698 4085 873 4165 desrstere
893 4089 1042 4181 coasti3
1064 4089 1190 4165 donec
1202 4084 1311 4163 idem

159 4186 285 4267 rursus
311 4207 500 4271 tentantes
526 4195 629 4275 circa
652 4224 800 4275 annum
827 4201 946 4300 1640,
973 4226 1071 4279 cum
1096 4195 1312 4276 duodecim

158 4298 319 4379 navibus
364 4303 517 4408 magnis
555 4326 595 4384 et
637 4309 870 4402 minoribus,
911 4338 1081 4418 quarum
1123 4307 1312 4419 praetoriae

156 4408 364 4491 Armadillo
394 4415 681 4524 Carthaginenst
707 4448 851 4500 nomen
889 4441 983 4515 erat,
1017 4450 1067 4501 ex
1098 4418 1310 4523 majoribus
