2956 4980
377 211 547 308 ⁴Literae
572 207 765 308 Oliverii
792 215 1083 311 Protedoris.
1229 249 1310 339 277

152 381 317 489 Caestrrir
334 383 555 491 graviffime
575 388 722 481 vexari,
749 387 929 496 sedesque
951 388 1098 468 Patrias
1124 385 1224 494 aegre
1244 415 1307 467 re·

150 496 303 591 tinere;
343 498 499 605 Regem
531 500 673 580 Sueciae
699 528 820 608 quem
848 503 973 594 Deus,
1005 501 1063 581 uti
1093 500 1305 610 speramus,

146 605 402 689 sortiffimum
420 611 622 719 religionis
638 612 861 692 Orthodoxae
879 632 1213 722 propugnatorem
1233 640 1305 691 ex-

147 720 299 814 citavit,
325 748 421 800 cum
448 723 723 831 potentissimis
744 723 982 804 Reformatae
1009 723 1102 803 fidei
1128 721 1304 804 hostibus

148 830 301 912 bellum
319 859 462 942 anceps
482 855 600 943 atque
627 836 887 945 asperrimum
916 838 1006 916 rotis
1026 837 1138 943 regni
1156 836 1302 917 viribus

146 970 307 1050 gerere,
339 945 473 1026 vestris
494 948 708 1028 Provinciis
726 947 865 1028 infesta
885 949 1106 1028 vicinorum
1126 946 1302 1056 Papssa·

146 1085 247 1151 rum,
271 1084 459 1166 quorum
502 1061 684 1169 princeps
723 1060 915 1170 Hispanus
952 1060 1021 1154 est,
1062 1088 1187 1169 nuper
1224 1061 1301 1140 ieta

149 1165 296 1249 foedera
330 1170 528 1265 minitari;
564 1198 634 1251 nos
668 1171 838 1281 denique
873 1171 1020 1252 indieto
1051 1172 1302 1281 Hispanorum

148 1281 255 1389 Regi
274 1281 379 1361 bello
395 1282 469 1362 effe
486 1303 710 1393 occupatos.
742 1285 787 1364 ln
809 1283 883 1364 hac
899 1312 1031 1363 rerum
1047 1285 1300 1364 inclinatione

147 1392 255 1500 fiqua
282 1395 383 1473 inter
406 1423 474 1474 vos
494 1398 700 1505 Regemque
720 1397 862 1476 Sueciae
889 1395 1077 1475 discordia
1103 1394 1299 1491 existeret,

146 1505 453 1613 Reformatarum
473 1508 591 1587 totius
606 1512 770 1617 Europae
783 1509 1031 1613 Ecclestarum
1047 1535 1168 1615 quam
1185 1507 1299 1587 mise·

148 1618 268 1697 tanda
286 1618 461 1699 conditio
480 1618 572 1699 esset
590 1649 675 1729 quae
702 1621 939 1701 immanium
967 1618 1143 1700 hostium
1160 1618 1301 1699 crude·
1403 1658 1409 1668 ·

147 1727 249 1809 litati
277 1759 323 1811 ac
350 1731 475 1811 furori
501 1731 792 1835 objicerentur?
850 1733 951 1812 Haec
978 1759 1047 1812 nos
1075 1760 1167 1812 cura
1193 1729 1299 1811 haud

148 1840 289 1921 leviter
304 1842 453 1949 tangit3
485 1843 734 1953 eundemque
751 1844 923 1925 vestrum
939 1844 1013 1924 effe
1033 1842 1186 1923 sensum
1205 1870 1300 1923 con·

145 1952 338 2051 fidimus,
355 1983 509 2066 proque
537 1957 664 2036 vestro
695 1958 736 2037 in
771 1956 979 2037 communi
1010 1955 1300 2065 Protestantium

146 2065 258 2146 causa
275 2069 459 2177 praeclaro
477 2064 629 2177 semper
645 2067 793 2163 studio,
805 2088 926 2177 utque
945 2096 1023 2179 pax
1044 2068 1145 2148 inter
1165 2066 1300 2148 fratres

147 2180 315 2259 eandem
345 2179 465 2259 fidem
499 2184 664 2260 eandem
695 2181 805 2291 spem
835 2182 1037 2290 sequentes
1072 2181 1303 2260 intemerata

146 2287 332 2387 servetur,
351 2320 419 2372 vos
440 2292 563 2371 vestra
582 2293 738 2374 confilia
766 2294 814 2373 ad
841 2292 910 2374 has
937 2293 1103 2373 rationes
1131 2291 1204 2371 elle
1233 2319 1300 2370 ac·

146 2405 480 2498 commodaturos,
510 2433 597 2513 quae
628 2407 773 2487 caeteris
804 2405 1101 2514 quibuscunque
1136 2423 1300 2512 antepo-

146 2515 282 2595 nendae
313 2517 416 2611 sunt,
455 2544 528 2595 nec
565 2520 671 2625 quod
711 2519 799 2627 paci
838 2518 939 2597 inter
978 2543 1046 2597 vos
1089 2515 1300 2624 Sueciaeque

147 2627 305 2734 Regem
333 2628 569 2709 stabilienda
596 2631 712 2738 poffit
737 2630 971 2723 conducere,
990 2629 1205 2738 quicquam
1225 2627 1298 2708 effe

145 2740 367 2821 omissuros.
429 2746 523 2852 Qa
548 2742 589 2820 in
615 2770 656 2821 re
685 2743 712 2822 s1
739 2770 809 2823 nos
829 2742 917 2821 usus
938 2740 1054 2821 ullius
1074 2739 1147 2819 effe
1166 2740 1299 2849 pollu-

147 2879 251 2944 mus,
276 2871 469 2960 quantum
503 2855 608 2962 apud
632 2882 700 2932 vos
723 2853 786 2933 vel
819 2852 1054 2933 authoritate
1078 2852 1140 2930 vel
1174 2851 1300 2960 gratis

148 2963 339 3059 valemus,
360 2966 530 3045 nostram
550 2966 660 3045 vobis
687 2994 849 3075 operam
870 2960 1120 3044 libentissime
1139 2963 1300 3072 profite-

145 3103 251 3170 mur,
265 3076 407 3157 Sueciae
417 3104 576 3185 quoque
590 3078 696 3186 Regi
708 3079 873 3157 eandem
890 3076 1040 3157 deferre
1055 3074 1297 3183 paratissimi,

144 3188 193 3268 ad
223 3216 346 3297 quem
373 3191 495 3269 etiam
520 3192 781 3297 Legationem
809 3183 1110 3301 quamprimum
1141 3188 1297 3267 mittere

143 3299 186 3377 in
207 3301 342 3380 animo
361 3298 567 3396 habemus,
586 3330 672 3410 quae
691 3299 766 3381 hac
796 3301 844 3381 de
872 3331 912 3381 re
932 3300 1028 3410 quid
1057 3298 1192 3379 nostrae
1211 3297 1297 3378 sen-

144 3414 276 3491 tentiae
294 3413 354 3506 fit,
375 3433 560 3524 exponat.
621 3417 835 3521 Deumque
847 3414 990 3493 vestros
1011 3414 1193 3519 utrinque
1212 3411 1298 3490 ani-

144 3552 233 3604 mos
259 3524 309 3604 ad
338 3527 537 3608 moderata
566 3527 725 3606 confilia
749 3527 947 3606 flexurum
981 3524 1054 3604 effe
1085 3523 1297 3631 speramus,

143 3636 290 3743 vosque
317 3635 602 3731 cohibiturum,
637 3639 784 3746 nequid
810 3638 859 3716 ab
885 3635 1069 3717 alterutra
1096 3655 1203 3744 parte
1230 3635 1298 3715 fiat

142 3748 253 3855 quod
281 3750 431 3829 irritare
459 3751 587 3858 poffit,
608 3777 770 3858 remque
797 3749 846 3828 ad
875 3769 1051 3828 extrema
1077 3746 1295 3827 deducere:

143 3859 211 3941 sed
231 3879 276 3940 ut
294 3858 444 3955 contri,
465 3890 552 3971 pars
577 3882 741 3970 utraque
769 3888 970 3942 removere
989 3860 1086 3939 velit
1104 3858 1298 3967 quicquid

143 3972 324 4054 alterutri
342 3972 536 4054 offensum
555 3993 623 4054 aut
649 3973 900 4082 suspiciosum
919 3973 992 4053 effe
1011 3989 1142 4079 queat.
1202 3971 1250 4049 Id
1270 3970 1298 4051 fi

142 4082 332 4178 feceritis,
362 4104 402 4164 et
435 4084 563 4166 hostes
594 4084 891 4180 frustrabimini,
921 4105 961 4165 et
993 4082 1130 4162 amicis
1163 4081 1298 4163 solatio

143 4198 268 4292 eritis,
289 4217 330 4277 et
348 4197 479 4278 vestrae
497 4199 667 4305 denique
687 4198 797 4277 saluti
819 4197 987 4306 Reipubl.
1007 4189 1126 4303 quim
1146 4191 1299 4302 optimi:

143 4309 403 4420 prospicietis.
447 4312 543 4390 Hoc
561 4311 682 4390 etiam
702 4312 760 4389 uti
779 4309 1103 4419 persuafiffimum
1123 4306 1169 4385 fit
1187 4304 1298 4387 vobis

141 4450 349 4532 rogamus,
373 4423 530 4506 daturos
559 4449 629 4504 nos
657 4422 732 4503 effe
759 4449 936 4532 operam,
956 4419 1109 4531 quoties
1135 4416 1300 4499 facultas
