2956 4980
87 251 206 384 Cup.
230 267 293 349 18.
394 252 583 351 Plenior
608 252 858 353 Institutio
1159 301 1210 384 59

50 426 300 508 immortalis:
330 429 479 539 quippe
496 457 569 510 nec
583 429 691 509 sensu
712 431 933 538 praeditum,
954 459 1026 510 nec
1047 434 1211 513 mortale

52 538 113 618 est
142 537 299 619 homini
330 543 562 650 proprium3
598 542 662 622 sed
690 542 847 650 utrique
874 545 1069 624 contrario
1097 572 1211 624 com-

54 679 194 745 mune,
216 671 256 732 et
274 650 429 732 homini
449 672 489 733 et
512 654 653 733 bestiae.
713 654 807 733 Hoc
833 657 954 734 etiam
980 682 1031 734 ex
1056 676 1212 736 contra·

54 764 305 844 dicentibus:
336 766 434 845 homo
465 765 513 874 ιβ
542 766 707 858 onimal;
737 795 823 873 ergo
849 796 918 846 non
946 768 1043 846 homo
1068 768 1126 894 est·
1142 798 1211 848 non

56 875 211 955 animal
271 877 365 957 Hoc
381 878 551 986 denique
567 906 617 957 ex
637 877 905 1007 privantibus:
937 877 1065 958 videns
1080 879 1209 972 vroit3

56 1015 146 1093 ergo
170 1017 292 1069 cacus
316 989 365 1101 ιβ
387 1008 583 1070 mortuus:
618 991 748 1069 vivere
779 992 887 1070 enirn
920 1009 959 1070 et
990 992 1141 1071 videnti
1171 1012 1220 1073 et·

56 1127 160 1180 caeco
187 1128 401 1181 commune
429 1101 499 1181 est
559 1104 647 1182 Non
666 1103 758 1181 enirn
777 1101 868 1183 idem
886 1132 955 1183 non
974 1100 1050 1181 dici
1064 1101 1108 1183 de
1126 1132 1212 1184 con-

56 1211 209 1305 trariis,
225 1211 300 1319 std
316 1214 511 1293 contrario
529 1211 572 1293 de
590 1213 705 1293 eodem
723 1213 799 1294 dici
813 1243 882 1295 non
905 1213 1078 1322 poffnnt:
1108 1215 1212 1296 tinmo

57 1321 156 1432 quod
164 1324 326 1434 suscipit
345 1354 457 1405 unum
480 1325 765 1419 contrariorum,
778 1325 939 1434 suscipit
957 1327 1144 1418 alterum;
1174 1346 1212 1407 et

58 1432 157 1545 quod
175 1465 288 1516 unum
313 1464 383 1516 non
397 1435 573 1544 stescipit,
593 1465 705 1546 neque
723 1438 909 1528 alterum
940 1455 998 1531 ut,
1019 1437 1057 1516 in
1076 1440 1211 1564 qnoest

57 1574 178 1674 antor,
198 1548 238 1627 in
259 1577 297 1628 eo
315 1549 431 1677 potest
454 1547 519 1658 este
544 1547 674 1628 odium
734 1548 877 1657 Qibus
900 1548 985 1628 null
982 1577 1041 1627 um
1060 1549 1154 1658 est
1125 1580 1211 1656 jus,

58 1658 106 1738 iis
122 1661 229 1739 nulla
233 1660 328 1766 fit
309 1659 465 1765 injuria

116 1771 188 1851 Est
205 1791 245 1851 et
263 1771 361 1851 alius
381 1772 537 1880 parium
556 1770 634 1851 fine
653 1772 754 1851 notis
773 1770 929 1864 modus,
943 1800 1012 1880 quo
1028 1769 1212 1853 interdurn

58 1882 223 1988 lacffti,
239 1901 317 1991 par
327 1882 425 1992 pari
439 1884 656 1993 reponimus.
714 1883 854 1994 Qalis
882 1883 938 1962 est
960 1883 1098 1989 Virgil.
1121 1885 1209 1965 Ecl.

61 2020 100 2100 3.
164 1997 209 2075 Iu
231 1996 298 2076 illa
320 1996 522 2105 pastorum
547 1997 692 2075 alterna
722 1996 971 2076 contentione
998 1999 1212 2104 repetitum

60 2106 185 2202 illud;
217 2108 297 2189 Dic
326 2107 427 2219 quib.
461 2108 498 2188 in
531 2108 660 2201 terris,
681 2110 756 2190 &c
815 2105 1049 2211 Cujusrnodi
1083 2109 1138 2188 est
1173 2127 1214 2189 et

60 2219 162 2298 illud
189 2224 296 2300 Mat.
325 2248 392 2315 21,
415 2247 483 2327 23,
502 2222 577 2300 διο.
637 2222 724 2326 Qro
749 2219 979 2298 authoritate
995 2219 1106 2327 facis
1129 2222 1211 2328 ssa,

60 2331 140 2410 &a
200 2331 444 2438 Interrogobo
470 2360 535 2412 vos
562 2360 625 2437 ego
649 2331 759 2411 etium
784 2329 955 2439 quiddam
971 2362 985 2408 .·
1022 2332 1214 2440 Baptffma

62 2441 228 2549 Joonnis
246 2443 341 2524 unde
354 2442 473 2524 erat?
512 2444 644 2523 Affine
660 2443 716 2522 est
731 2442 829 2521 illud
844 2443 924 2524 Cic.
942 2441 1021 2550 Off.
1039 2468 1077 2522 2.
1103 2450 1212 2540 Cato,

61 2582 145 2634 cum
163 2555 212 2636 ab
230 2586 268 2637 eo
286 2575 535 2666 quaereretur,
554 2553 647 2665 qnid
664 2554 745 2663 offo
757 2554 988 2662 fenerari?
1017 2554 1213 2663 respondit,

61 2666 155 2776 quid
168 2669 339 2748 honinem
358 2666 531 2748 occidere.

123 2781 235 2860 Paria
249 2779 344 2860 vero
363 2780 451 2860 fieta
470 2806 641 2887 quorum
661 2776 733 2855 effe
753 2778 961 2886 proprium
981 2775 1092 2885 supra
1111 2779 1216 2857 dixi-

65 2918 155 2971 mus
182 2921 267 2972 rem
293 2921 426 2975 veram
454 2919 631 2996 arguere,
658 2888 746 2968 sunt
772 2890 838 2968 illa
865 2891 969 2997 apud
992 2890 1214 2984 Ciceronem,
1258 2956 1268 2973 .

65 3003 220 3083 invent.
257 3032 291 3083 1.
320 3033 369 3083 ex
396 3003 568 3110 AEschine
592 3001 806 3092 Socratico;
837 3000 906 3079 ubi
934 2999 1092 3108 Aspasta
1121 3029 1215 3080 cum

64 3116 315 3225 Xenophontis
344 3143 467 3195 uxore
495 3135 535 3194 et
566 3116 804 3222 Xenophonte
827 3111 909 3221 ipso
941 3113 991 3190 stc
1018 3112 1217 3192 inducitur

64 3226 221 3306 locuta:
253 3226 420 3318 dimini,
433 3225 563 3336 queso,
578 3224 823 3334 Xenophontis
836 3224 1056 3329 uxor,st'
1011 3218 1223 3305 vicinatua'

63 3338 192 3418 melius
216 3338 352 3419 habeat
374 3368 508 3419 aurum
536 3336 646 3446 qnhm
671 3355 715 3416 tn
740 3335 864 3429 habes,
893 3355 1019 3416 utrum
1044 3337 1144 3416 illius
1168 3369 1217 3418 an

63 3468 172 3529 tuurn
203 3449 344 3531 nolis?
404 3450 528 3543 Illius,
554 3449 687 3558 inquit.
748 3448 866 3553 Etſs
872 3448 1051 3637 lvestem?
1109 3451 1178 3528 Ill
1162 3479 1220 3531 tus

64 3590 157 3641 vero
144 3561 256 3671 resp
256 3562 369 3643 ondit.
429 3564 516 3666 Age
534 3561 637 3653 vero,
650 3559 910 3666 fivirumll
863 3589 876 3637 ι
905 3590 930 3638 n
954 3561 1147 3665 meliorem,
1168 3592 1218 3641 an

65 3674 169 3753 illius
193 3675 312 3754 molis.
372 3674 456 3752 H1c
483 3673 626 3751 mulier
651 3670 821 3750 erubuit.
882 3672 1137 3779 Comparatio
1167 3675 1217 3753 fic

66 3784 105 3864 se
131 3781 277 3865 habet:
308 3785 336 3864 fi
362 3813 517 3878 aurum,
540 3783 790 3863 fivestem
753 3783 890 3861 vrcinae
915 3784 1121 3863 meliorem
1147 3783 1217 3864 ha·

34 3896 161 3975 ‘bete
190 3898 325 3977 malles
347 3924 466 4004 quam
494 3915 618 3990 tuam,
639 3895 756 3974 malle
782 3895 902 3973 etiarn
931 3895 1194 3974 meliorem'
1158 3926 1218 3976 vr-

66 4009 165 4087 cinae
193 4009 323 4088 virum
356 4009 542 4114 argueris.
613 4009 711 4086 Non
746 4005 842 4085 dicit
871 4006 1042 4085 vicinam
1075 4005 1218 4088 habere

68 4148 213 4201 aurum
240 4141 307 4201 aut
332 4120 480 4199 vestem
512 4120 733 4211 meliorem,
762 4116 825 4196 sed
852 4117 967 4224 fingit
998 4136 1064 4197 aut
1091 4123 1218 4228 ponit,

66 4229 236 4341 ehmque
261 4233 289 4312 fi
315 4232 452 4311 mallet
478 4230 723 4339 Xenophontis
750 4258 864 4323 uxor,
897 4232 1074 4339 arguitur
1102 4233 1219 4311 malle

68 4346 201 4425 virum
219 4372 379 4454 quoque
399 4345 535 4423 vicinae
556 4344 582 4422 fi
603 4343 743 4422 melior
764 4342 821 4420 fit.
