2956 4980
295 201 457 298 Literae
482 199 676 301 Oliverii
701 207 990 302 Protectoris.
1157 245 1238 327 307

83 622 1232 737 OliveriusProteciorReip.Angliae,&c.SerenffmoPrin-

131 733 210 842 cipi
223 765 268 816 ac
289 738 448 818 Domino
468 741 525 819 D.
544 740 578 816 F
580 740 754 820 rederico
771 741 994 822 Wilhelmo
1013 743 1234 822 Marchioni

132 846 495 956 Brundenburgenfi,
518 851 632 930 Sacri
653 853 813 932 Romani
829 855 984 962 Imperii
1000 853 1228 933 Archi-Ca-

129 960 305 1052 merario,
322 990 368 1040 ac
388 961 566 1070 Princiui
583 963 751 1042 Elebiori
765 964 1033 1072 Magdeburgi,
1053 964 1225 1069 Prufflae,

129 1067 271 1174 Juliae,
294 1072 446 1165 Cliviae,
467 1075 668 1167 Montium,
691 1075 841 1168 Stetini,
864 1076 1109 1170 Pomeraniae,
1132 1076 1226 1180 Cff·

116 1178 326 1285 stadiorum,
350 1184 681 1294 Vandalorumque‚
705 1215 771 1265 nec
794 1215 864 1266 nan
885 1188 924 1268 in
951 1188 1090 1292 Silcfia,
1114 1187 1225 1291 Cros-

128 1320 190 1372 nae
207 1311 244 1372 et
271 1296 473 1375 Cornoviae
500 1298 620 1390 Daci,
647 1298 894 1404 Burggravio
921 1296 1222 1404 Norinbergerfi,

129 1404 309 1514 Principi
331 1406 588 1516 Halberstadii
606 1426 643 1487 et
668 1408 829 1503 Mindae,
853 1412 990 1491 Comiti
1009 1414 1162 1490 Marcae
1186 1428 1224 1490 et

128 1515 400 1628 Ravensbergi,
421 1520 578 1600 Domina
597 1520 636 1600 in
655 1522 889 1630 Raverssein.

72 1693 316 1774 Sereniffime
337 1695 540 1805 Princeps,
561 1696 687 1776 amice
708 1725 753 1777 ac
776 1696 977 1777 Foederate

397 1806 633 1917 charissime,

183 1929 311 2010 Lteris
331 1929 379 2009 ad
400 1930 684 2010 Celfitudinem
700 1930 867 2010 vestram
886 1931 1008 2010 literis
1028 1958 1098 2040 per
1115 1931 1218 2009 Ora-

212 2059 338 2120 torem
367 2042 541 2121 nostrum
569 2043 788 2122 Gulielmum
818 2041 1018 2151 Jepsonum
1038 2060 1104 2122 aut
1130 2041 1219 2119 red·

68 2151 162 2231 ditis
194 2171 261 2232 aut
295 2153 405 2231 brevi
443 2153 649 2234 reddendis
695 2154 921 2261 Legationis
954 2154 1023 2262 ipfi
1054 2150 1076 2231 ὲ
1107 2153 1219 2230 nobis

65 2263 258 2342 mandatae
284 2262 405 2344 fidem
431 2261 625 2360 fecimus;
657 2265 775 2372 idque
802 2266 880 2344 fine
903 2265 1117 2344 vestrarum
1137 2264 1217 2341 vir·

68 2393 203 2454 tutum
227 2376 356 2483 aliqua
379 2379 579 2456 mentione
602 2376 815 2486 nostraeque
842 2403 933 2483 erga
957 2404 1023 2454 vos
1046 2372 1217 2453 benevo-

66 2485 661 2594 lentiae,s1gnificationefacere
687 2515 763 2566 non
789 2488 1004 2596 potuimus.
1064 2486 1218 2564 Verum

65 2601 206 2706 nequis
227 2598 351 2678 vestra
370 2599 418 2678 de
439 2598 552 2679 rebus
568 2599 873 2679 Protestantium
887 2597 1044 2706 egregie
1061 2597 1215 2691 merita,

67 2737 155 2817 quae
182 2709 334 2789 summi
357 2712 539 2790 omnium
563 2712 836 2820 praedicatione
865 2710 1124 2804 celebrantur,
1148 2736 1217 2787 nos
1310 2772 1312 2776 .

65 2819 195 2900 obiter
216 2821 380 2929 tetigisse
401 2818 555 2901 tantum
575 2822 793 2915 videamur,
814 2821 1090 2900 resumendum
1106 2820 1217 2898 nobis

66 2958 173 3012 nunc
193 2933 300 3011 idem
320 2954 614 3041 argumentum,
632 2934 835 3040 nostraque
852 2932 979 3011 officia
996 2960 1073 3010 non
1088 2932 1215 3010 liben-

65 3039 144 3122 tius
164 3044 328 3152 quidem
347 3064 414 3123 aut
433 3046 566 3124 animo
586 3046 847 3155 propenfiore,
864 3044 1062 3151 aliquanto
1082 3062 1214 3121 tamen

63 3155 258 3261 prolixius
278 3154 486 3235 deferenda
506 3158 710 3236 Serenitati
730 3156 862 3234 vestrae
881 3153 1114 3234 censuimus.
1161 3155 1214 3232 Et

65 3265 209 3346 merito
229 3266 330 3360 sane,
351 3296 444 3346 cum
470 3268 517 3346 ad
541 3296 650 3348 aures
678 3268 822 3347 nostras
843 3267 1020 3374 quotidie
1042 3263 1212 3373 perfera-

65 3398 144 3470 tur,
164 3377 284 3457 fidem
308 3378 472 3457 vestram
497 3399 614 3487 atque
638 3380 892 3459 constantiam
918 3378 1101 3456 omnibus
1126 3396 1212 3456 ten·

64 3508 187 3567 tatam
207 3488 414 3582 machiniS,
436 3490 681 3570 sollicitatam
713 3488 878 3582 technis,
907 3487 1129 3568 labefadtari
1155 3509 1212 3568 ta-

63 3627 172 3693 men,
196 3621 237 3681 et
260 3601 307 3680 ab
331 3603 504 3681 amicitia
529 3601 723 3681 fortissimi
750 3603 871 3707 Regis
895 3628 939 3680 ac
964 3600 1071 3692 socii,
1103 3600 1212 3679 nullo

62 3711 183 3790 modo
204 3712 308 3822 poffe
329 3713 547 3792 dimoveri:
580 3714 697 3820 idque
714 3741 807 3792 cum
823 3741 870 3791 eo
887 3713 975 3790 loco
995 3715 1211 3791 Succorum

63 3851 122 3902 res
149 3850 252 3902 nunc
280 3824 365 3916 fiat,
389 3844 432 3904 ut
456 3826 497 3903 in
522 3824 723 3903 retinenda
748 3852 885 3903 eorum
911 3822 1090 3902 societate
1117 3825 1211 3902 Cel-

63 3934 273 4014 fitudinem
285 3936 451 4015 vestram
466 3935 705 4016 Reformatae
719 3936 848 4044 potius
864 3936 1084 4040 Religionis
1100 3935 1211 4014 causa

14 4121 17 4124 ⁴
61 4049 282 4142 communi,
300 4044 420 4156 quim
438 4047 513 4127 suis
529 4049 749 4127 commodis
765 4047 857 4125 duci
873 4045 1123 4126 manifestum
1140 4047 1209 4128 fit:

60 4184 234 4267 cumque
258 4156 432 4238 hostibus
458 4159 519 4238 vel
547 4160 710 4238 occultis
735 4159 796 4236 vel
818 4159 902 4264 jam
928 4187 1049 4268 prope
1077 4160 1211 4238 immi-

60 4271 244 4349 nentibus
262 4272 387 4350 cineta
409 4272 582 4378 undique
604 4292 643 4351 et
663 4268 762 4381 pene
783 4270 925 4348 obseffa
947 4271 1004 4363 fit,
1024 4272 1147 4380 copiae
1167 4291 1212 4350 ut

58 4382 132 4463 smt
151 4382 289 4462 validae
309 4409 387 4461 non
409 4401 539 4461 tamen
561 4384 632 4462 fint
654 4384 851 4476 maximae,
872 4383 916 4461 ei
937 4403 1066 4461 tamen
1085 4382 1210 4461 firmi-
