2956 4980
555 215 683 309 Artis
710 215 892 344 Logicae
1094 212 1201 311 Lib.
1234 255 1268 308 ι.

455 552 581 630 CAP.
606 552 724 632 XIV.
762 555 827 633 De
846 551 1005 632 Relatis.

173 756 180 769 ’
240 753 347 904 ‘33‘
362 728 647 857 Ontrariastrpt
661 730 833 839 oppostta,
847 757 999 838 quorum
1015 755 1127 808 unum
1143 728 1212 808 uni
1220 745 1305 807 tan-

321 886 343 922 ὅ

229 819 285 873 tis

177 904 183 917 ,
235 862 294 961 μ)
345 860 463 953 ‘tum
481 857 688 951 opponitur.
901 906 904 911 .

214 956 217 977 ”
246 914 343 1091 ’ᾗ
443 954 684 1060 Intelligitur
702 973 836 1033 autem
856 979 983 1032 unum
1004 951 1074 1030 uni
1101 952 1145 1031 in
1170 950 1308 1030 eodem

173 1058 178 1071 ’
386 1091 529 1170 genere
548 1066 697 1174 opponi
715 1066 1016 1158 contrariorum,
1032 1082 1079 1143 ut
1097 1062 1308 1143 relatorum

159 1202 284 1254 unum
304 1177 374 1254 uni
395 1196 562 1271 tantum,
576 1198 616 1257 et
636 1178 686 1256 fic
704 1179 745 1256 in
766 1179 952 1286 reliquis:
984 1203 1078 1256 nam
1094 1176 1136 1256 in
1153 1174 1306 1254 diversis

159 1286 357 1396 speciebus
384 1292 683 1383 contrariorum,
707 1291 821 1399 plura
847 1290 1001 1401 poffunt
1032 1307 1077 1367 ut
1102 1288 1305 1380 contraria,

158 1401 226 1479 uni
247 1397 455 1509 eidemque
481 1403 538 1481 rei
563 1403 735 1511 opponi;
767 1422 811 1481 ut
836 1401 994 1496 videnti,
1019 1430 1089 1480 non
1112 1397 1256 1493 videns,
1274 1417 1307 1477 et

158 1541 304 1603 caecus;
334 1515 461 1609 motui,
476 1532 593 1594 motus
606 1515 833 1610 contrarius,
849 1532 886 1593 et
904 1514 1031 1624 quies;
1046 1512 1180 1619 servo,
1199 1510 1308 1592 domi·

159 1654 229 1705 nus
247 1642 284 1703 et
303 1623 410 1704 liber.

219 1740 320 1847 Qae
344 1736 560 1844 Aristoteles
577 1733 786 1845 οἷντιθὲμενα
809 1755 849 1817 et
866 1732 1100 1846 aivrrrre'iprroe,
1116 1763 1162 1815 ea
1183 1735 1309 1815 Cicero

160 1849 201 1927 in
216 1846 360 1956 Topicis
375 1854 513 1958 (quem
526 1851 670 1929 Romus
687 1849 878 1958 sequitur)
899 1848 1093 1930 contraria
1111 1846 1307 1957 appellat:

159 1988 255 2067 quas
275 1961 395 2039 etiam
422 1962 462 2038 in
489 1961 634 2069 species
654 1982 823 2069 quatuor
841 1963 926 2042 Ari
951 1962 1057 2041 oteler
1074 1958 1308 2071 ἀντικείμενα,

161 2075 201 2150 in
221 2072 375 2151 easdem
397 2074 526 2152 Cicero
544 2075 738 2154 contraria
756 2074 968 2155 distribuit.

219 2186 330 2265 Prius
343 2206 475 2265 autem
489 2184 610 2293 quim
630 2186 678 2266 ad
693 2189 981 2267 contrariorum
995 2181 1311 2263 distributionem

159 2296 200 2374 in
220 2296 363 2406 species
382 2299 619 2392 accedimus,
634 2297 833 2380 inserenda
853 2299 908 2378 est
923 2298 1120 2377 distinctio
1132 2295 1311 2404 quaedam

160 2437 240 2488 non
266 2411 428 2503 inutilis,
450 2428 489 2488 et
514 2412 563 2490 ad
590 2440 636 2490 ea
654 2440 740 2518 quae
765 2412 939 2491 diximus
963 2410 1090 2517 capite
1116 2406 1311 2517 superiore

159 2522 300 2601 clarius
320 2522 588 2628 intelligenda,
609 2542 649 2602 et
668 2528 716 2603 ad
736 2552 811 2617 eas,
833 2552 918 2631 quae
938 2522 1105 2602 secundo
1129 2519 1234 2600 libro
1253 2520 1312 2598 di·

161 2652 313 2727 centur,
333 2633 609 2738 disjundtiones
629 2636 852 2716 neceffarias
871 2632 893 2715 ir
913 2632 1234 2741 contingentibus
1253 2632 1313 2711 di·

156 2745 398 2850 judicandas.
449 2747 617 2826 Dictum
638 2749 693 2827 est
717 2748 911 2856 superiore
931 2748 1074 2856 capite,
1095 2745 1236 2840 viride,
1257 2745 1313 2823 ci-

164 2886 387 2952 neraceum,
402 2857 564 2938 rubrum
583 2863 711 2939 media
729 2861 802 2940 effe
815 2861 916 2940 inter
928 2859 1065 2939 album
1080 2875 1120 2937 et
1136 2859 1312 2965 nigrum,

162 2998 248 3077 quae
269 2970 416 3077 fingula
433 2974 621 3052 extremis
642 2991 681 3052 et
699 2974 802 3052 inter
821 2972 858 3052 se
877 2971 1066 3081 disparata
1085 2969 1188 3049 sunt.
1229 2970 1313 3048 Sci·

163 3082 311 3162 endum
330 3085 462 3190 itaque
489 3083 545 3162 est
570 3086 777 3180 contraria,
798 3086 905 3193 quasr
932 3104 1110 3164 extrema
1133 3080 1314 3189 quadam

164 3192 320 3288 habere,
348 3196 422 3273 alia
453 3196 646 3289 medium,
675 3198 749 3276 alia
780 3197 912 3276 medio
941 3224 1095 3276 carere:
1134 3193 1316 3273 medium

164 3306 226 3384 vel
255 3304 311 3384 est
338 3308 553 3412 negationis
574 3309 637 3387 vel
666 3310 998 3417 participationis;
1030 3336 1081 3386 ex
1102 3306 1314 3415 Aristotele,

167 3415 257 3525 Tap.
285 3443 327 3519 4.
353 3445 389 3524 3.
421 3439 460 3496 et
489 3420 593 3498 Plril.
627 3450 663 3499 v.
686 3446 726 3528 7.
785 3421 975 3500 Medium
1007 3419 1227 3526 negationis
1261 3416 1316 3497 est

164 3529 354 3635 quicquid
384 3532 485 3608 inter
516 3531 595 3611 duo
626 3534 818 3613 contraria
848 3533 927 3613 dici
962 3531 1104 3642 potest,
1133 3529 1245 3639 quod
1274 3530 1317 3609 fit

165 3661 351 3720 neutrum
379 3670 542 3722 eorum:
575 3663 620 3723 ut
647 3646 748 3725 inter
772 3665 1053 3755 praeceptorem
1079 3660 1121 3721 et
1143 3640 1316 3752 discipu-

166 3753 266 3846 lum,
295 3754 326 3831 is
354 3754 422 3860 qui
454 3782 582 3863 neque
613 3758 669 3837 est
695 3777 910 3868 praeceptor
934 3784 1064 3865 neque
1087 3752 1314 3863 discipulus.

166 3864 354 3944 Medium
382 3868 691 3977 participationis
710 3871 780 3964 est,
800 3870 908 3978 quod
929 3866 1128 3976 utriusque
1146 3865 1317 3946 extremi

165 3995 344 4057 naturam
363 3980 593 4087 participat;
615 3999 659 4061 ut
669 3983 793 4063 viride
814 3984 915 4061 inter
930 3981 1066 4061 album
1082 3998 1122 4058 et
1140 3980 1317 4087 nigrum,

166 4088 345 4196 tepidum
366 4091 468 4168 inter
487 4093 661 4172 calidum
681 4115 721 4174 et
747 4093 954 4202 frigidum.
1015 4093 1317 4171 Contrariorum

165 4203 287 4308 igitur
309 4228 395 4307 quae
421 4203 599 4283 medium
626 4205 785 4300 habent,
808 4234 886 4285 non
912 4206 966 4285 est
993 4202 1143 4286 neceffe
1170 4205 1318 4285 alteru-

166 4333 270 4392 trum
290 4313 496 4409 affirmari,
528 4317 653 4425 potest
670 4321 777 4397 enim
793 4319 979 4398 affirmari
997 4317 1201 4397 medium:
1232 4344 1318 4423 quae

164 4444 296 4505 autem
318 4425 449 4504 medio
469 4450 614 4523 carent,
628 4459 765 4509 eorum
786 4431 953 4510 alterum
974 4428 1120 4510 neceffe
1136 4427 1194 4508 est
1213 4428 1318 4507 affir-
