2956 4980
162 267 244 349 304
388 228 551 325 Literae
576 223 769 326 Oliverii
795 228 1090 326 protectoris.

159 402 200 482 id
220 401 279 482 uti
294 400 317 481 ὲ
330 402 441 484 vobis
460 431 533 512 pro
549 401 676 482 nostra
691 402 967 483 neceffitudine
985 420 1153 514 peteret.
1217 409 1307 517 Qa

160 515 202 594 in
222 543 264 594 re
284 542 363 594 non
388 517 513 624 magis
533 513 738 594 defuturos
756 543 825 594 vos
847 514 921 594 effe
942 514 1099 597 confido
1118 520 1306 625 quamde

160 626 292 756 nostrq
323 656 416 737 erga
437 656 506 708 vos
533 655 665 707 amore
696 626 880 735 fingulari
902 654 948 707 ac
974 628 1103 709 studio
1128 627 1307 709 dubitare

162 739 553 960 debffistmonasterio
571 878 617 929 ex
636 850 743 929 Aula
761 848 896 958 nostra.

302 962 381 1043 Die
399 965 506 1068 Aug.
529 965 611 1041 An.
633 962 746 1042 Dom.
774 964 893 1070 1657.

161 1363 361 1446 Oliverius
398 1366 595 1445 Proteblor
622 1365 730 1474 Reip.
762 1365 931 1473 Angliae,
963 1365 1041 1445 &a
1074 1365 1308 1474 Amplfflmis

217 1476 400 1670 giegtalgis
448 1475 666 1582 Lubecenfis
715 1475 929 1584 Coefielibus
969 1505 1017 1557 ec
1054 1477 1305 1572 Senatoribus,

158 1741 419 1851 Ampliffimi,
440 1740 642 1847 magnifici
662 1759 702 1820 et
721 1737 945 1850 spestabiles
965 1739 1055 1833 viri,

385 1852 504 1931 amici
522 1850 749 1946 chariffimi,
1153 1868 1157 1876 '

268 1975 442 2056 Ulielmus
460 1975 644 2084 Jepsonus
658 1978 719 2056 vir
733 1974 1008 2070 nobiliffimuS,
1022 1976 1197 2057 Mlitum
1219 1974 1308 2056 Tri-

290 2085 422 2182 bueeus,
438 2107 478 2167 et
498 2087 739 2168 Parlamenti
752 2086 868 2196 nostri
883 2090 1053 2182 Senator,
1070 2089 1118 2169 ad
1140 2090 1310 2170 Serenis-

159 2199 301 2295 fimum
328 2201 526 2281 Sueeorum
550 2202 687 2306 Regem
710 2200 758 2280 ab
785 2200 880 2280 urbe
899 2201 1022 2282 vestra
1051 2200 1158 2280 haud
1192 2201 1308 2310 longe

158 2313 279 2392 castra
294 2310 505 2392 habentem
518 2312 677 2422 publico
690 2339 854 2392 munere
865 2331 1022 2393 ornatus
1034 2312 1307 2422 proficiscitur.

160 2430 414 2535 Qapropter
433 2427 471 2503 ei
497 2453 568 2534 per
587 2424 726 2504 urbem
745 2425 909 2504 vestram
935 2445 1003 2506 aut
1020 2426 1215 2506 ditionem
1235 2428 1309 2507 iter

159 2535 319 2616 facienti
341 2555 385 2615 ut
404 2539 516 2616 omni
535 2536 776 2642 adjumento,
799 2537 825 2616 fi
845 2564 943 2646 opus
964 2539 1050 2632 erit,
1071 2557 1188 2646 atque
1211 2568 1309 2649 prae-

160 2648 268 2741 fidio,
284 2675 355 2756 pro
371 2647 497 2727 nostra
514 2650 687 2728 amicitia
699 2668 816 2758 atque
828 2651 1084 2744 commercio,
1098 2649 1225 2731 adeffe
1240 2681 1309 2732 ve·

159 2760 238 2839 litis
255 2787 452 2867 rogamus.
506 2761 570 2839 De
590 2780 730 2840 caetero
749 2780 789 2840 et
808 2760 988 2841 salutatos
1003 2789 1071 2841 vos
1087 2761 1160 2842 effe
1174 2764 1309 2845 nostro

158 2873 319 2951 nomine
348 2873 546 2981 peramice
574 2874 772 2966 volumus,
802 2874 930 2981 deque
960 2873 1089 2952 nostro
1117 2901 1214 2981 erga
1240 2905 1309 2958 vos

158 2984 349 3095 propenso
368 2985 502 3064 animo
522 3013 566 3064 ac
586 2986 786 3065 voluntate
806 2984 880 3064 effe
899 2985 1211 3095 persuafiffimos.

245 3099 302 3177 W
295 3096 550 3205 estmonesterio
569 3126 616 3176 ex
634 3097 742 3177 Aula
761 3098 897 3205 nostra.

290 3209 367 3289 Die
380 3213 487 3316 Aug.
502 3211 583 3289 An.
599 3210 712 3289 Dom.
735 3212 853 3317 1657.

160 3596 359 3677 Oliverius
397 3600 595 3681 Proteblor
620 3599 728 3709 Reip.
755 3600 926 3709 Angliae,
958 3601 1037 3683 ἔθα.
1072 3601 1314 3712 Amplifflmis

216 3708 398 3901 gi‘egtags
417 3710 723 3819 Hamburgenfis,
747 3711 962 3820 Coefielibus
980 3743 1027 3794 ae
1052 3715 1311 3812 Senatorib‘us,

157 3976 417 4087 Ampliffimi,
438 3977 639 4086 magnifici
658 3997 699 4060 et
717 3978 943 4089 spestabiles
964 3980 1053 4076 viri,

430 4089 550 4170 amici
571 4089 799 4186 chariffimi‚

160 4208 318 4431 QUi
345 4207 457 4291 hasce
476 4213 524 4293 ad
551 4241 619 4294 vos
643 4215 773 4295 literas
796 4213 944 4327 perfert
970 4213 1172 4325 Philippus
1190 4220 1309 4299 Mea-

286 4323 405 4404 dowes
432 4325 610 4407 oratoris
641 4354 804 4435 munere
829 4324 852 4407 ὲ
881 4327 994 4409 nobis
1020 4328 1230 4411 instruGus
1258 4333 1307 4412 ad

72 4559 74 4562 y
158 4435 452 4528 Sereniffimum
473 4437 615 4521 Dem'ce
631 4441 767 4547 Regem
786 4467 856 4548 per
870 4439 1012 4521 urbem
1026 4440 1193 4523 vestram
1213 4471 1310 4553 pro-
