2956 4980
94 251 213 387 Cap.
236 267 305 351 28.
403 253 593 354 Plenior
617 253 866 354 Institutio.
1162 290 1209 369 91

56 429 303 513 transfertur.
365 431 447 514 Cic.
477 462 551 544 pro
577 436 793 516 Muraena:
828 433 1016 542 Intelliga,
1040 430 1216 541 Judices,

53 559 137 625 tres
152 544 270 625 totius
281 543 523 653 accusationis
534 547 817 658 partesfuiffe:
847 564 885 626 et
899 574 1026 626 earum
1047 574 1156 624 unam
1174 543 1214 623 in

55 656 339 783 repr-chenſsone
355 657 465 752 uitae,
494 660 654 739 alteram
687 658 725 740 in
755 657 978 739 contentione
1001 655 1213 764 dignitatis,

55 783 215 849 tertiani
232 769 272 850 in
288 768 504 851 criminibus
522 770 682 852 ambitds
695 771 759 881 effe
773 769 974 876 versatam.
1034 769 1118 848 Htc
1134 786 1216 847 tuta

56 878 254 963 accusatio
280 882 322 960 in
349 883 422 962 tria
448 882 628 963 membra
655 881 913 976 distribuitur,
934 879 1111 987 subjettis
1137 879 1215 958 suis

57 991 348 1101 occupantibus
366 993 545 1076 distinete
558 1018 574 1075 z·
600 1013 718 1101 atque
737 996 780 1073 in
799 992 861 1075 his
880 994 1003 1075 tribus
1022 990 1217 1101 exemplis

58 1120 196 1184 toturn
220 1104 278 1184 est
303 1106 518 1215 integrum.
580 1112 782 1216 Quartum
808 1105 1041 1215 exemplum
1067 1105 1123 1184 est
1144 1130 1216 1211 ge-

58 1215 167 1295 neris
185 1215 227 1296 iu
246 1214 392 1326 species
410 1247 461 1299 ex
482 1219 565 1300 Cic.
585 1246 623 1327 ς.
648 1214 795 1324 Tuscul.
844 1219 929 1298 Sint
933 1217 1032 1324 scin>
1047 1216 1114 1295 illa
1135 1215 1217 1295 tria

54 1355 202 1435 genera
219 1325 508 1424 honorandum
526 1330 688 1440 corporis
706 1349 743 1410 et
762 1347 917 1411 externa
924 1328 1082 1435 jaceant
1102 1326 1217 1420 luni,

60 1456 100 1520 ct
130 1440 377 1567 tantummodo
407 1443 496 1552 quia
508 1440 693 1548 fremendo
704 1442 817 1549 stent,
850 1442 1083 1552 appellentur
1109 1438 1215 1520 bona.

61 1551 163 1631 Alta
180 1570 319 1647 autem,
338 1552 469 1636 diuina
487 1554 569 1648 illa,
589 1554 693 1662 long>
712 1556 857 1664 late'quc
868 1555 916 1662 st
935 1551 1122 1663 pandant,
1142 1577 1218 1631 cu·

61 1660 211 1774 Isimque
228 1664 459 1773 contingant.
513 1666 597 1746 Htc
618 1668 747 1747 Cicero
766 1665 867 1746 bona
893 1668 934 1746 in
960 1685 1036 1746 tres
1056 1663 1217 1773 species,

63 1803 162 1885 quas
176 1775 245 1855 ille
260 1804 404 1885 genera
415 1795 542 1873 vocat,
553 1779 709 1873 dividit,
723 1778 900 1885 subjectis
912 1776 987 1859 suis
1000 1776 1215 1869 distinctas3

60 1915 211 2010 nempe
229 1891 368 1986 animi,
387 1892 563 2001 corporis
581 1910 623 1972 et
641 1889 818 1971 furtunae.

141 2245 268 2325 CAP.
292 2247 451 2329 XXIX.
484 2253 549 2333 De
568 2250 838 2360 Dssributionc
856 2278 902 2328 ex
922 2245 1138 2355 Acls‘unclis.

85 2445 132 2539 p·
262 2456 263 2459 ¹
284 2422 472 2535 Istributio
490 2453 536 2503 ex
552 2423 737 2531 adjunctis
754 2423 815 2533 est,
833 2422 975 2536 quanda
986 2438 1121 2530 partes
1125 2420 1224 2527 stent

89 2553 106 2581 ’“
132 2536 227 2633 ,ν”ᾚ
247 2550 256 2607 Δ
310 2533 503 2641 adjuncta.

90 2726 105 2755 x,
158 2736 201 2767 Η
253 2740 263 2760 .
369 2651 430 2730 Ut
454 2650 666 2730 hominum
693 2648 760 2727 alii
787 2645 880 2741 sani,
909 2646 977 2726 alii
1004 2645 1124 2753 aegri:
1154 2643 1222 2724 alii

118 2727 259 2811 ⁴(
310 2763 465 2859 divites,
485 2764 552 2843 alii
570 2787 774 2873 pauperes.

125 2877 191 2956 sic
213 2876 351 2983 Virgil.
379 2904 414 2955 1.
440 2877 574 2982 Georg.
597 2872 793 2954 mundum
821 2867 963 2948 dividit
985 2866 1026 2945 in
1044 2868 1221 2975 quinque

63 3008 221 3100 partem
251 2989 427 3074 mediam
447 2987 649 3079 torridam,
665 2984 759 3063 duas
777 3000 972 3067 extremas
990 2976 1166 3086 frigidas,
1182 2997 1221 3058 et

64 3101 239 3209 reliquas
257 3101 351 3181 duas
371 3118 629 3208 temperatas:

127 3262 298 3373 Quinque
316 3279 440 3342 tenent
458 3260 588 3340 calum
606 3286 728 3349 zona,
748 3282 907 3364 quarum
927 3280 1003 3331 una
1022 3245 1166 3353 corusco

127 3378 278 3486 Semper
281 3373 362 3487 sale
380 3372 531 3466 rubens,
543 3389 580 3451 ct
598 3366 744 3450 torrida
750 3365 900 3473 semper
918 3363 965 3443 ab
985 3361 1083 3468 igni:
1105 3363 1182 3439 dec.

129 3542 260 3651 Caefiar
286 3569 322 3621 1.
343 3537 446 3620 Belli
468 3536 571 3618 Gall.
596 3533 725 3615 Gallr'a
748 3532 796 3640 cst
818 3528 931 3614 omnis
951 3524 1070 3638 diuisa
1089 3525 1128 3608 in
1147 3543 1226 3607 tres

56 3674 225 3772 partes:
254 3680 412 3765 quarum
432 3678 544 3730 unam
561 3647 725 3728 incolunt
736 3644 879 3751 Belga,
894 3641 1006 3722 aliam
1021 3638 1224 3749 Aquitani,

64 3769 240 3862 tertiam,
259 3766 338 3878 qui,
365 3763 521 3875 ipſstrum
546 3761 676 3867 lingua
706 3757 839 3850 Celtae,
865 3751 1132 3863 instruenti
1155 3768 1225 3860 ap-

60 3883 276 3996 pellantur.

133 3995 181 4073 In
204 3985 542 4072 distributionibus
569 3979 793 4089 hujusmodi
821 3974 1060 4087 imperfectis
1087 3971 1225 4052 adver-

73 4107 240 4191 tendum
267 4103 324 4184 est
350 4102 392 4182 id
416 4100 525 4292 (pluod
548 4096 704 4175 videtur
730 4089 924 4171 distribui.
985 4087 1097 4169 Nam
1127 4085 1154 4164 st
1184 4085 1226 4165 id

74 4220 197 4300 totius
216 4216 409 4297 rationem
458 4209 560 4304 abet,
577 4205 721 4314 integri
740 4203 803 4283 vel
822 4202 989 4310 generis,
1003 4196 1227 4280 distributio

73 4331 154 4426 est;
186 4330 214 4412 fi
240 4356 320 4409 non
345 4324 465 4406 habet
490 4323 684 4403 rationem
708 4316 841 4407 totius,
866 4313 930 4394 sed
958 4309 1124 4420 firnplex
1151 4307 1225 4386 ali-

71 4443 184 4557 quod
196 4455 480 4552 argumentum
491 4434 562 4530 est,
578 4451 622 4514 ut
636 4428 761 4522 causa,
778 4425 981 4519 effectum,
993 4422 1227 4529 subjectum,
