2956 4980
115 251 236 384 Cap.
260 268 300 349 8.
425 252 613 351 Plenior
640 252 891 354 Institutio,
1161 303 1235 380 129

76 426 238 507 nullum
256 426 423 508 omnino
443 457 582 509 verum
602 431 659 509 fit.
723 431 898 537 Negatio
927 433 1049 541 igitur
1078 455 1117 514 et
1140 463 1235 515 con·

77 539 261 620 tradioio
281 543 370 634 erit,
390 571 459 622 non
478 561 548 623 aut
566 541 640 622 dies
659 559 729 621 aut
747 572 818 622 nox
837 542 896 651 (β.
1001 637 1006 645 ¹

137 655 195 733 Et
213 652 500 736 contradittione
510 654 769 762 signficatur,
790 684 859 735 non
878 655 1070 764 necefforio
1090 658 1234 736 alteru·

76 782 183 845 trum
201 793 333 845 verum
352 765 429 876 effe.
930 777 937 789 '

137 878 243 957 Nam
250 879 297 983 fi
315 876 510 983 disjunctio
535 877 697 980 absolut>
720 907 815 957 vera
834 877 897 985 ιβ,
917 880 967 987 est
985 879 1095 960 etiam
1114 881 1234 985 neces-

61 984 202 1093 sttria3
214 990 416 1098 parte'sque
429 988 729 1095 disjunttaesttnt
743 991 997 1099 opposttisfine
1017 993 1088 1071 ullo
1106 992 1232 1073 medio.

77 1101 146 1180 De
161 1101 306 1211 quibus
325 1103 414 1182 vide
435 1102 641 1211 superioris
656 1102 746 1181 libri
761 1120 880 1210 caput
899 1105 946 1182 de
963 1105 1233 1183 contradicen-

75 1212 198 1292 tibus.

139 1326 389 1407 Veruntamen
407 1326 577 1437 quamvis
594 1324 755 1433 obsolute
773 1355 867 1405 vera
885 1325 1090 1432 disjunttin
1114 1328 1233 1436 neces·

63 1434 415 1548 fitriaquoquefit;
434 1458 557 1519 tamen
573 1438 671 1517 nihil
680 1437 809 1546 (ιεεςβε
824 1437 872 1546 est
883 1440 1232 1549 partesstporotim

76 1549 296 1660 necefflorios
314 1551 389 1660 (βε.

137 1662 211 1757 Ut,
231 1692 318 1742 cros
335 1681 406 1743 out
417 1663 525 1771 pluet
543 1682 612 1741 aut
630 1691 700 1741 non
712 1663 833 1771 pluet,
855 1664 1063 1769 disjunffio
1084 1663 1141 1743 est
1163 1692 1233 1742 ne-

77 1773 249 1867 ceffaria,
280 1777 374 1884 quia
398 1804 449 1854 ex
472 1775 829 1854 contradicentibus
849 1775 1011 1869 constat,
1043 1805 1128 1884 quae
1148 1776 1235 1856 sunt

78 1888 274 1966 contraria
293 1888 370 1967 fine
390 1888 547 1983 medio;
569 1907 609 1967 et
629 1905 774 1980 tamen,
789 1918 875 1967 cros
886 1889 993 1997 pluet
1006 1906 1045 1966 et
1059 1918 1146 1968 cros
1164 1919 1233 1969 non

71 1999 197 2107 pluet,
221 2019 435 2109 utrumque
459 2000 690 2106 contingens
714 2001 873 2079 axioma
898 2000 966 2079 est.
1028 2001 1106 2094 Sic,
1135 2001 1233 2082 homo

77 2128 155 2191 aut·
167 2110 280 2191 bonus
297 2112 346 2221 est
363 2131 433 2192 out
452 2141 521 2193 non
540 2110 665 2203 bonus,
686 2130 760 2189 etc.

138 2225 242 2302 Nam
256 2221 507 2330 disjunttionis
526 2222 707 2329 necfftas
724 2222 860 2331 pendet
879 2225 898 2302 ὲ
917 2223 1116 2332 (((εεβανεέ
1133 2241 1233 2331 par-

77 2333 174 2415 tium
192 2336 402 2445 oppofitione
420 2356 457 2417 et
476 2333 714 2440 disjunctione
732 2364 802 2414 non
821 2364 866 2414 ex
889 2364 1016 2414 eorum
1036 2334 1236 2443 neceffaria

76 2449 257 2528 veritate.
838 2480 840 2485 ·

137 2560 249 2639 Hinc
267 2580 547 2667 argumentum
567 2561 666 2640 illud
683 2560 900 2640 dissolvitur
914 2559 1111 2672 Chrystppi
1120 2560 1238 2640 Stoici

78 2670 328 2779 alioritmque
348 2692 541 2767 veterum,
570 2673 674 2782 apud
697 2672 905 2753 Ciceronem
928 2674 976 2751 de
998 2673 1031 2750 F
1033 2692 1122 2766 ato;
1153 2700 1233 2781 quo

76 2782 244 2892 probare
265 2783 352 2863 sunt
375 2787 519 2878 conati,
553 2783 683 2864 futura
709 2785 843 2864 omnia
867 2784 941 2863 effe
968 2785 1173 2863 necessaria
1194 2804 1233 2863 et

76 2895 187 3003 quafi
207 2895 353 2989 fatalia,
380 2896 554 3005 eoquod
575 2895 722 2976 necesse
743 2897 787 2975 fit
807 2924 852 2975 ea
872 2914 940 2976 aut
959 2924 1049 2974 vera
1068 2895 1141 2974 etse
1166 2914 1234 2975 aut

77 3006 187 3087 falsa.
247 3007 470 3115 Disjunfflo
483 3009 661 3117 quidem,
675 3026 719 3087 ut
733 3009 922 3101 diximus,
936 3006 1139 3087 necessaria
1154 3008 1230 3101 est3

75 3146 168 3230 pars
202 3138 333 3200 tamen
361 3120 628 3226 disjundtionis
656 3120 838 3199 alterutra
871 3121 955 3200 talis
983 3121 1071 3212 erit,
1107 3120 1232 3227 qualis

75 3230 190 3312 causa
209 3232 290 3338 ejus
314 3231 370 3311 est
384 3261 395 3323 ;
426 3233 500 3312 five
522 3233 739 3323 necessaria,
772 3233 847 3311 five
875 3233 1120 3339 contingens,
1146 3232 1173 3309 i.
1196 3260 1231 3310 e.

75 3344 142 3423 vel
162 3343 298 3436 libera,
319 3343 381 3422 vel
403 3344 576 3424 fortuita.

136 3457 272 3565 Atque
292 3454 374 3535 haec
397 3457 445 3535 de
466 3456 670 3536 neceffaria
691 3455 965 3563 disjunctione,
995 3455 1105 3560 cujus
1123 3454 1233 3559 judi·

75 3567 189 3647 cium
210 3567 368 3647 scientia
388 3568 456 3648 est.

135 3678 350 3786 Disjunttio
368 3679 602 3788 autemsaepe
621 3680 669 3786 (β
687 3709 732 3758 ex
752 3680 962 3760 conditione.

139 3792 192 3873 Ut
197 3792 242 3898 fi
249 3808 449 3902 quaerotur
460 3812 589 3871 utrum
603 3793 713 3870 Cleon
725 3793 871 3872 uenerit
882 3821 931 3870 on
944 3793 1129 3883 Socrates,
1146 3790 1235 3897 quia

75 3903 136 3982 ita
146 3904 366 4012 pactumfit
383 3904 611 3984 alterutrum
630 3922 778 3983 tontum
797 3921 997 3983 venturum
1016 3900 1094 4009 (βε.

134 4019 269 4126 Itaque
271 4016 316 4121 ſs
332 4014 588 4120 disjunttiostt
605 4015 813 4120 contingens
829 4017 1077 4120 (contingens
1098 4032 1233 4092 autem

73 4126 147 4222 est,
173 4128 200 4208 s1
225 4147 353 4237 partes
379 4129 558 4208 medium
586 4125 748 4233 habent)
773 4127 914 4232 nonest
941 4126 1101 4232 absolute
1123 4154 1232 4218 uera,

58 4238 141 4341 sed
152 4257 300 4320 tantum
316 4240 521 4349 opinabilis.

135 4353 278 4464 Qalis
295 4353 351 4432 est
370 4351 595 4461 frequenter
616 4351 656 4428 in
676 4348 887 4429 hominum
908 4349 991 4428 usu.
1038 4350 1089 4429 Ut
1103 4344 1234 4453 Caesor

77 4488 101 4571 ς
614 4488 642 4541 Κ
