2956 4980
390 112 556 208 Literae
581 116 775 208 Senatus
800 107 1068 242 Anglicani.
1117 236 1122 241 1
1225 151 1304 232 203

10 304 40 379 fi
142 286 236 368 sum
251 312 333 367 nou
347 284 423 366 else
442 285 769 394 intelligeremus,
786 284 885 365 illud
905 284 1108 366 nobiscum
1127 290 1308 396 cogitan-

10 442 41 487 ,ιι
145 419 207 481 tes
225 416 378 509 quanto
397 398 439 479 in
464 398 640 507 periculo
666 417 707 478 et
730 397 850 479 nostri
873 395 1054 478 homines
1082 417 1121 479 et
1147 401 1308 482 illorum

10 550 41 599 rr:
148 510 359 595 facultates
381 509 637 604 versarentur,
659 509 686 590 fi
709 511 759 590 de
783 509 1054 591 incolumitate
1079 512 1242 592 illorum
1268 534 1308 593 et

10 636 17 709 ἰ
148 624 275 706 tutela
292 622 473 705 adversus
492 621 666 703 hostium
686 624 881 702 malitiam
906 640 946 702 et
973 623 1128 731 iniquos
1148 652 1307 734 oppug-

147 756 303 818 natores
321 763 403 816 non
422 733 509 815 satis
528 735 729 844 provisum
748 734 855 828 effer,
875 730 1005 815 rurstrs
1025 736 1209 845 praedidto
1229 740 1304 818 Re·

133 847 279 955 fidenti
293 847 337 929 in
355 847 550 929 mandatis
568 847 766 940 dedimus,
783 865 828 927 ut
846 848 1023 927 nostrum
1043 848 1125 953 ejus
1144 850 1201 928 rei
1221 848 1307 930 sen·

21 965 35 981 ‘
149 960 236 1043 sum
252 958 557 1070 representaret:
589 962 728 1068 thue
745 958 861 1065 hujus
877 959 1034 1070 Reipub.
1052 960 1213 1041 nomine
1225 964 1308 1043 Vos

150 1093 195 1153 ut
212 1073 435 1155 amicitiam
453 1090 494 1151 et
512 1071 836 1153 neceffitudinem
859 1073 960 1152 inter
980 1069 1082 1151 hanc
1103 1074 1307 1184 Rempub.

148 1184 399 1293 vestramque
421 1184 624 1265 civitatem
649 1184 791 1263 initam
813 1209 1085 1292 magnumque
1105 1184 1220 1264 usum
1238 1188 1308 1294 qui

147 1294 247 1379 huic
271 1296 449 1404 Reipub.
472 1322 568 1375 cum
590 1296 715 1377 vestra
741 1296 898 1375 civitate
923 1295 1131 1376 intercedit
1155 1297 1309 1376 conser-

147 1436 256 1502 vare,
275 1407 454 1516 adeoque
473 1427 708 1489 mercatores
729 1407 876 1487 nostros
901 1433 996 1486 cum
1022 1435 1160 1487 eorum
1183 1410 1308 1517 privi-

10 1528 15 1603 ἶ
31 1530 34 1537 ’
150 1520 270 1630 legiis
287 1520 367 1601 stne
382 1519 464 1599 ulla
478 1519 691 1601 violatione
706 1538 913 1628 protegere
928 1519 1055 1599 velitis
1070 1517 1310 1618 hortaretur;

10 1700 18 1729 ‚
148 1652 275 1743 utque
285 1630 525 1713 nominatim
541 1632 581 1711 in
597 1631 812 1742 quendam,
826 1632 891 1710 cui
907 1658 1054 1711 nomen
1070 1633 1226 1713 Garates
1238 1632 1307 1727 est,

10 1752 38 1829 ir
149 1747 222 1855 qui
241 1743 280 1825 se
293 1746 336 1825 in
348 1742 452 1824 hanc
468 1744 648 1854 Rempub.
665 1741 952 1824 contumeliose
967 1743 1094 1850 geffit,
1107 1744 1310 1855 certosque

150 1885 200 1939 ex
212 1856 397 1939 societate
413 1875 680 1937 mercatorum
697 1856 880 1963 Anglica,
900 1855 1029 1964 Vestra
1047 1856 1086 1935 in
1106 1857 1197 1937 urbe
1214 1887 1310 1939 com·

150 1986 351 2064 morantes,
365 1969 416 2049 ad
433 1969 717 2049 contumeliam
737 1966 853 2074 hujus
869 1968 1028 2077 Reipub.
1044 1996 1310 2078 magnamque

10 2134 53 2211 [ς-
153 2082 379 2164 nostrorum
399 2101 666 2161 mercatorum
685 2079 921 2173 molestiam,
943 2082 984 2159 in
1005 2080 1209 2188 Spireafi’m
1231 2084 1310 2163 Ca·

38 2198 42 2203 ’
153 2222 307 2275 meram
320 2191 478 2303 publice
494 2194 654 2273 citavit:
684 2192 805 2300 quire
821 2193 1107 2301 reparationem
1122 2193 1313 2298 ejusmodi

152 2309 409 2416 expediamus
427 2333 514 2413 quae
532 2307 708 2414 aequitati
724 2324 764 2385 et
776 2305 934 2412 justitiae
953 2303 1210 2384 consentanea
1229 2305 1298 2385 est.

208 2415 406 2498 Dehisce
432 2418 641 2525 capitibus,
667 2436 708 2497 et
734 2418 761 2496 fi
790 2416 888 2526 quid
918 2416 1088 2525 amplius
1118 2419 1167 2497 ad
1195 2416 1312 2525 hujus

155 2528 331 2639 Reipub.
360 2556 456 2609 cum
479 2530 604 2610 vestra
631 2531 790 2609 civitate
816 2529 1034 2608 amicitiam
1063 2531 1311 2638 pertinuerit,

10 2636 26 2709 ἐ
152 2642 387 2771 pradictum
406 2641 631 2744 Restdentem
654 2641 771 2746 hujus
798 2640 957 2750 Respub.
985 2644 1145 2721 nomine
1168 2644 1215 2723 ad
1241 2671 1312 2724 vos

10 2808 38 2829 ..
145 2754 331 2860 Juffimus
349 2752 558 2834 accedere:
591 2752 671 2848 eui,
693 2772 737 2833 ut
758 2752 881 2832 fidem
901 2751 1076 2863 amplam
1100 2756 1141 2832 in
1161 2756 1208 2834 iis
1227 2783 1313 2863 quae

10 2892 43 2937 s
150 2864 234 2947 huc
253 2864 465 2974 spectantia
484 2866 730 2976 proposuerit
747 2863 937 2959 habeatis,
957 2893 1157 2972 rogamus.

241 2977 562 3087 Westmonasterio.
623 2981 726 3060 Dat.
754 3003 801 3058 12
822 2976 981 3058 Martii.
1010 2980 1057 3058 16
1063 3005 1129 3085 51·

419 3089 649 3201 Subseripfit
668 3109 707 3171 et
728 3090 968 3170 Parlamenti
988 3088 1160 3199 sigillum
1178 3090 1316 3202 impri-

677 3206 868 3283 mendum
889 3204 1053 3297 curavit,

921 3316 1155 3409 Prolocutor,
1176 3318 1252 3396 &m

10 3692 15 3699 ’
157 3698 444 3783 Parlamentum
464 3700 623 3813 Reipub.
645 3703 801 3811 Angliae
812 3702 1048 3810 serenffmae
1069 3704 1312 3802 Christianae,

216 3814 429 4007 gplt’corum,
463 3816 667 3897 Gothorum
693 3815 1012 3928 Vandalorumque
1040 3819 1210 3927 Reginca,
1233 3820 1312 3901 &a

283 3944 408 4007 utem.

244 4095 493 4178 Serenissima
514 4098 693 4206 Regina;

289 4219 474 4329 As‘tylasu
486 4222 621 4331 vestrae
632 4223 785 4304 Literas
798 4224 846 4304 ad
861 4225 1144 4305 Parlamentum
1157 4225 1315 4333 Reipub.

318 4333 475 4441 Angliae
497 4336 548 4414 26
572 4334 753 4445 proxime
775 4336 892 4446 elaps1
913 4336 1153 4447 Septembris
1174 4336 1316 4416 Stock·

10 4498 13 4507 ·
159 4438 300 4525 holma
317 4446 425 4527 datas
444 4474 515 4556 per
534 4449 692 4529 Petrum
713 4448 888 4556 Spiering
909 4450 1142 4530 Silvercroon
1162 4451 1317 4559 accepi-
