2956 4980
94 238 211 371 Cap.
239 279 304 335 12.
412 235 602 337 Plenior
627 235 875 337 Institutio.
1138 284 1153 338 1
1162 283 1185 366 ς
1192 282 1214 366 5

115 414 308 525 Proprius
327 415 370 493 in
389 410 464 494 hac
478 412 605 524 specie
621 414 902 524 paralogismus
918 415 975 496 est
994 419 1218 526 argumenti

57 540 222 647 negatio
250 540 293 619 in
321 537 608 651 assumptione:
640 557 697 633 ut,
727 541 841 621 omnis
863 542 961 620 homo
980 543 1028 651 est
1050 544 1195 624 animal
1201 575 1216 623 :

56 680 174 761 equus
191 680 263 733 non
281 650 331 761 :ss
348 652 446 731 homo
462 681 476 744 ,·
505 679 593 759 ergo
611 679 724 761 equus
742 681 811 733 non
830 653 878 764 esi
895 654 1049 734 animal.

115 764 202 845 ch
225 763 347 844 etiam
362 763 469 869 solus
489 782 531 843 et
556 764 686 844 unicus
712 793 784 874 pro
814 766 985 873 negandi
1015 767 1217 876 particulis

57 872 232 955 habendi
251 875 363 971 sunt;
384 872 607 985 paritdrque
619 876 789 956 reddunt
803 877 1107 988 assumptionem
1122 907 1216 989 cap-

58 986 202 1069 tiosam
215 1017 235 1085 :¹
249 1005 307 1082 ut,
321 985 553 1099 quicquidest
565 988 604 1069 in
615 1017 695 1068 meu
713 988 822 1082 domo,
838 991 887 1098 est
902 991 940 1072 in
959 990 1110 1101 oppido:
1131 992 1216 1072 uni-

57 1100 227 1209 cusfons
244 1100 293 1211 est
311 1101 350 1181 in
367 1130 447 1181 meu
465 1098 583 1194 domo:
602 1130 689 1209 ergo
709 1101 935 1210 unicusfons
954 1104 1002 1212 est
1020 1104 1059 1184 in
1076 1103 1214 1215 oppido.

57 1214 138 1308 Sic,
159 1210 402 1323 quicqut'dss
423 1212 573 1318 ristbile,
594 1213 643 1324 est
665 1213 831 1293 animal:
847 1213 954 1321 solus
971 1218 1070 1298 homo
1089 1218 1138 1325 est
1159 1218 1218 1297 ri-

43 1323 198 1430 sibilis:
230 1354 318 1431 ergo
333 1325 440 1431 solus
468 1324 568 1406 homo
598 1325 648 1436 est
676 1325 827 1406 animal.
887 1328 993 1408 Tam
1020 1330 1129 1408 enim
1159 1328 1218 1409 hae

58 1436 262 1547 particula:
278 1434 400 1547 quim
411 1437 570 1546 negatio
586 1438 628 1516 in
647 1439 815 1531 minore,
828 1438 1038 1520 ostendunt
1056 1468 1135 1519 non
1154 1470 1217 1520 re·

56 1550 268 1660 ciprocum
294 1548 368 1629 esse
398 1550 611 1655 majorem3
642 1547 819 1657 ade‘oque
848 1552 1139 1632 conclufionem
1166 1581 1215 1633 ex

56 1662 209 1769 majore
239 1689 309 1773 per
334 1661 546 1756 minorem,
564 1661 628 1742 vel
655 1661 836 1771 generale
866 1691 915 1743 ex
944 1665 1107 1775 proprio
1136 1693 1216 1746 non

57 1774 185 1883 sequi.

111 1883 387 1995 Expendenda
401 1883 520 1994 porro
533 1882 599 1966 htc
614 1883 853 1968 definitionis
866 1886 983 1967 verba
995 1888 1107 1985 sunt;
1128 1917 1214 1997 quae

55 2024 137 2080 non
156 2016 241 2079 tam
260 1997 564 2107 assumptionem
585 1996 709 2106 ipsam
728 1994 848 2107 quam
870 2020 1150 2106 argumentum
1173 2004 1214 2081 in

55 2110 321 2221 assumptione
340 2110 580 2191 affirmatum
601 2108 831 2217 fignificant.
871 2108 980 2192 Clam
998 2114 1106 2193 enim
1122 2142 1216 2226 pro·

53 2223 259 2334 pofitionis
274 2222 506 2303 antecedens
523 2222 647 2332 (quod
665 2223 827 2302 tertium
846 2245 1124 2330 argumentum
1140 2225 1212 2333 est)

56 2336 269 2445 negatione
296 2335 451 2415 infinita
481 2338 612 2444 topica
642 2334 834 2415 duntaxat
866 2338 1125 2445 exprimatur,
1157 2339 1214 2417 as-

53 2448 292 2558 sumptionis
322 2446 562 2556 consequens
595 2447 867 2555 (quodetiam
900 2451 1062 2528 tertium
1094 2478 1212 2558 argu·

54 2580 242 2641 mentum
280 2559 352 2668 est)
381 2561 548 2640 eandem
582 2560 833 2667 negationem
873 2562 1038 2642 retinere
1071 2562 1213 2661 debet3

53 2674 207 2782 alioqui
233 2700 312 2754 non
336 2672 560 2781 sequeretur
586 2693 867 2779 argumentum
901 2674 1142 2755 affirmatum
1172 2678 1213 2756 in

56 2784 335 2896 assumptione,
355 2785 420 2866 sed
439 2785 748 2866 contradictione
768 2784 977 2866 sublatum.
1038 2789 1214 2895 Negatio

55 2916 192 2978 autem
212 2895 296 2978 haec
321 2926 401 2979 non
424 2897 589 2979 dicenda
613 2897 669 2977 est
687 2896 750 2977 vel
777 2897 1046 3008 assumptionis
1067 2901 1129 2979 vel
1153 2930 1215 2980 ar·

56 3012 241 3119 gumenti
261 3013 434 3119 negatio,
462 3011 526 3090 sed
550 3012 775 3117 argumenti
804 3010 949 3090 infiniti
978 3012 1211 3091 affirmatio:

56 3140 145 3203 tum
164 3125 276 3203 enim
294 3124 458 3204 demum
480 3144 645 3229 negatur
663 3124 704 3202 in
724 3122 982 3231 assumptione
1003 3151 1215 3231 argumen-

57 3254 161 3329 tum,
198 3232 294 3315 clrm
328 3237 434 3316 illius
469 3238 626 3341 negatio
657 3235 930 3346 proposrtionis
964 3237 1215 3316 affirmationi

56 3348 288 3459 opponitur.
347 3349 539 3457 Exempli
563 3348 710 3457 gratia:
742 3349 900 3457 quinon
922 3349 970 3457 ιβ
993 3349 1109 3444 dines,
1135 3380 1215 3431 con·

55 3462 265 3541 temnitur:
301 3461 520 3570 Posthumus
547 3490 616 3541 non
645 3460 693 3569 ιβ
720 3459 851 3553 dives,-
881 3490 968 3568 ergo
998 3462 1215 3571 Posthumus

58 3573 317 3654 contemnitur.
376 3573 697 3682 Assumptionem
718 3569 784 3653 hle
811 3601 889 3653 non
913 3576 1046 3682 negari
1072 3575 1212 3684 probat

58 3685 269 3766 affirmatio
288 3686 569 3766 conclusionis:
601 3685 664 3765 sed
686 3685 846 3793 perinde
862 3686 918 3765 est
938 3687 1011 3766 acsr
1031 3686 1108 3767 hoc
1124 3715 1214 3767 mo·

58 3797 109 3878 do
127 3818 494 3906 argumentaretur:
515 3799 740 3878 omnishomo
759 3798 826 3907 qui
841 3827 909 3878 non
928 3800 977 3907 ςβ
996 3798 1112 3894 diues,
1129 3829 1215 3880 con-

58 3911 261 3992 temnitur:
284 3910 567 4021 Posthumusest
593 3913 691 3991 homo
709 3911 777 4020 qui
798 3940 868 3990 non
891 3912 940 4019 εβ
967 3910 1096 4003 dives:
1127 3942 1214 4019 ergo

59 4023 281 4131 Psslrumus
305 4025 563 4105 contemnitur.
623 4023 700 4103 Vel
726 4019 803 4102 hoc
829 4025 973 4103 modo:
1005 4025 1117 4104 omnis
1145 4055 1214 4106 non

56 4133 160 4216 dmes
179 4138 450 4217 contemnitur:
482 4137 699 4245 Posthumus
717 4135 765 4244 est
783 4165 852 4216 non
870 4133 999 4229 dives:
1024 4166 1110 4245 ergo
1129 4168 1216 4219 con-

57 4248 252 4329 temnitur.
299 4251 375 4330 Sed
393 4248 476 4331 haec
495 4250 609 4329 exiis
629 4250 749 4327 etiam
768 4276 854 4355 quae
872 4246 985 4357 sopri
1004 4250 1052 4328 ad
1072 4250 1211 4330 definio

57 4362 210 4441 tionem
237 4361 362 4472 ipsam
386 4362 502 4470 hujus
528 4362 670 4473 speciei
692 4361 882 4455 diximuS,
907 4381 1005 4472 puto
1037 4390 1115 4441 non
1140 4361 1215 4441 esse

57 4473 238 4555 obscura.
