2956 4980
143 82 238 229 ,242
385 113 548 208 Literae
573 110 767 210 Oliverii
794 112 1086 211 Protetstoris.

162 455 381 562 Sereniffimo
401 455 578 566 Prrircipi
595 455 739 536 Carolo
756 456 930 536 Gustavo
949 452 1156 561 Adolph0‚
1179 453 1316 531 Sueco·

282 597 380 662 rum,
405 570 620 663 Gothorum,
645 567 965 678 Vandalorumque
984 565 1095 673 Regi,
1114 565 1195 645 &a

167 742 343 932 CUm
364 742 413 821 de
429 743 629 822 voluntate
649 742 780 822 vestrae
799 741 1015 848 Majestatis
1036 741 1076 818 in
1097 767 1164 818 me
1183 696 1321 845 fingu-

286 855 357 933 lari
372 882 422 933 ex
435 855 568 934 vestris
581 856 653 933 srm
668 881 793 963 nuper
805 855 928 933 literis
940 849 1155 962 persuasus,
1170 854 1327 958 quibus

165 983 204 1043 et
217 964 296 1073 ipse
310 967 393 1072 pari
408 964 533 1045 studio
548 965 822 1076 rescripserim,
836 966 968 1045 videor
981 961 1082 1042 mihi
1098 991 1149 1041 ex
1166 965 1328 1042 ratione

163 1076 317 1184 prorsus
333 1079 515 1158 amicitiae
530 1079 664 1158 nostrae
679 1079 863 1187 deinceps
877 1075 1061 1169 fassurus,
1079 1075 1328 1181 fiquetnad-

163 1189 329 1268 modum
356 1187 442 1297 quae
468 1211 577 1297 grata
604 1190 816 1270 acciderint
842 1191 889 1267 ad
923 1190 1098 1268 laetitiam
1129 1206 1325 1266 mutuam

164 1303 475 1394 communicem,
490 1304 544 1381 ita
558 1330 643 1410 quae
656 1303 863 1395 contraria,
877 1301 926 1380 de
941 1301 988 1380 iis
1001 1298 1111 1379 vobis
1126 1317 1328 1406 tanquam

164 1413 417 1505 amiciffimis‚
438 1414 561 1493 animi
580 1414 660 1493 mei
681 1413 831 1492 sensum
851 1412 1106 1518 doloremque
1123 1412 1317 1518 aperiam.

165 1526 229 1603 De
250 1552 314 1603 me
335 1526 521 1632 equidem
542 1527 591 1605 lic
610 1525 808 1617 existimo,
829 1552 877 1603 eo
897 1525 1016 1603 mein
1033 1524 1121 1602 loco
1138 1522 1317 1632 Reipub.

159 1635 244 1740 jam
276 1636 349 1715 esse
378 1637 651 1731 constitutum,
683 1657 728 1717 ut
756 1636 962 1715 communi
995 1633 1315 1727 Protestantium,

163 1749 251 1854 paci
267 1749 465 1854 imprimis
484 1767 523 1828 et
541 1750 795 1856 quantumin
814 1776 879 1827 me
899 1747 956 1826 est
972 1745 1173 1826 consulere
1191 1746 1313 1825 debe·

165 1887 245 1937 am.
294 1864 388 1966 Qo
404 1861 560 1966 gravius
580 1860 726 1940 necesse
742 1860 798 1939 est
817 1859 942 1940 feram
961 1887 1047 1967 quae
1065 1857 1114 1936 de
1135 1859 1314 1938 Bremen-

153 1971 255 2075 stum
275 1989 314 2050 et
335 1973 531 2052 Suecorum
556 1973 696 2081 praeliis
721 1971 946 2079 mutuisque
969 1969 1144 2051 cladibus
1169 1969 1220 2049 ad
1246 1996 1314 2049 nos

163 2081 427 2191 perferuntur.
488 2083 592 2165 lllud
612 2085 789 2194 primum
812 2084 942 2177 doleo,
962 2084 1110 2162 amicos
1130 2080 1315 2190 utrosque

164 2194 312 2276 nostros
326 2215 405 2274 tam
420 2198 602 2277 atrociter
612 2216 771 2303 tamque
784 2195 1087 2276 protestantium
1098 2194 1315 2273 rationibus

165 2307 383 2416 periculose
417 2308 519 2388 inter
545 2308 582 2386 se
607 2308 828 2401 decertare;
859 2335 1000 2416 pacem
1030 2305 1172 2386 deinde
1203 2304 1317 2384 illam

28 2417 31 2420 ’
165 2419 514 2499 Monasteriensem
547 2448 632 2527 quae
666 2418 909 2500 Reformatis
941 2417 1126 2499 omnibus
1159 2415 1318 2496 summo

166 2531 339 2637 praesrdio
364 2530 593 2610 credebatur
612 2531 711 2625 fore,
732 2531 921 2636 ejusmodi
948 2528 1136 2640 peperisse
1159 2526 1320 2607 infoelix

165 2640 316 2721 bellum
330 2671 352 2729 ε,
369 2661 414 2720 ut
436 2670 538 2721 nunc
559 2671 666 2723 arma
687 2647 883 2724 Suecorum
904 2644 945 2720 in
964 2669 1030 2721 eos
1049 2639 1231 2720 conversa
1244 2640 1320 2719 fint

165 2780 263 2860 quos
288 2755 389 2834 inter
411 2774 566 2834 caeteros
590 2756 708 2865 paulo
732 2775 820 2836 ante
845 2754 1045 2861 religionis
1068 2751 1182 2832 causa
1203 2778 1318 2831 acer-

165 2863 265 2944 rime
295 2865 573 2946 defenderent:
606 2868 724 2975 idque
754 2866 999 2976 potissimum
1027 2862 1105 2944 hoc
1135 2883 1318 2972 tempore

165 2975 265 3071 fieri,
281 3006 375 3059 cum
397 2978 597 3058 Pontificii
616 3008 687 3088 per
707 2999 831 3058 totam
850 2976 932 3056 fere
949 2975 1209 3057 Germaniam
1232 2976 1319 3054 Re·

166 3087 354 3170 formatos
377 3090 525 3197 ubique
545 3091 671 3170 rursus
690 3090 930 3199 opprimere,
951 3087 1059 3168 etad
1082 3085 1318 3166 intermissas

166 3200 362 3310 paulisper
380 3201 538 3307 injurias
552 3202 714 3309 vimque
734 3200 936 3310 pristinam
957 3200 1082 3279 redire
1102 3198 1234 3306 palam
1255 3197 1319 3275 di·

165 3331 314 3390 cantur.
376 3313 485 3392 Cum
511 3314 643 3420 itaque
675 3312 943 3420 intelligerem·
973 3312 1129 3391 dierum
1162 3309 1318 3417 aliquot

166 3422 340 3503 inducias
355 3424 403 3503 ad
425 3425 597 3504 Bremam
617 3424 756 3505 urbem
767 3424 853 3530 jam
868 3423 941 3502 else
958 3422 1092 3516 fastus,
1108 3448 1186 3501 non
1203 3421 1320 3529 potui

164 3533 250 3614 sane
266 3535 362 3642 quin
380 3535 578 3641 Majestati
590 3535 734 3629 vestrae,
746 3535 943 3614 occafione
959 3532 1033 3613 hac
1048 3533 1151 3625 data,
1168 3530 1319 3637 fignifi-

164 3674 296 3726 carem
310 3645 429 3755 quam
443 3648 604 3756 cupiam
620 3677 670 3727 ex
683 3649 817 3727 animo
829 3673 1030 3755 quamque
1045 3642 1162 3723 enixe
1177 3645 1317 3724 Deum

166 3760 272 3868 pacis
295 3787 420 3853 orem,
454 3760 512 3839 uti
536 3758 616 3838 istae
641 3759 807 3838 induciae
831 3758 987 3864 utrique
1013 3756 1115 3866 parti
1145 3753 1318 3835 feliciter

164 3872 302 3961 cedat;
333 3892 455 3977 utque
475 3871 516 3949 in
536 3897 678 3979 pacem
690 3869 951 3959 firmissimam
964 3897 1014 3947 ex
1031 3867 1318 3975 compofitione

166 3982 349 4089 utrinque
373 3982 585 4061 commoda
611 3981 754 4090 poffint
776 3981 972 4060 definere:
1002 4006 1125 4087 quam
1154 3977 1204 4056 ad
1229 4007 1318 4058 rem

166 4093 192 4171 fi
223 4121 355 4172 meam
386 4121 547 4199 operam
571 4092 748 4172 conferre
776 4093 992 4200 quicquam
1024 4108 1093 4171 aut
1122 4087 1207 4168 usui
1232 4088 1318 4168 fore

165 4205 350 4311 Majestas
369 4205 493 4283 vestra
506 4205 753 4309 judicaverit,
775 4232 862 4283 eam
879 4202 990 4282 vobis
1005 4199 1256 4281 libentissime
1274 4221 1320 4281 ut

163 4316 204 4405 in
225 4346 265 4398 re
287 4317 438 4396 Divino
460 4317 632 4395 Numini
650 4317 787 4425 procul
805 4314 927 4395 dubio
943 4312 1209 4422 acceptiffimal
1229 4312 1320 4420 pol·
