2956 4980
104 251 223 384 Cap.
259 297 322 353 11.
428 255 615 354 Plenior
641 253 888 353 Institutio.
1177 296 1225 376 35

66 426 338 509 Instrumenta
355 429 459 538 (quae
474 451 665 540 quatenus
685 432 733 511 ad
754 428 965 511 habentem
987 429 1224 536 referuntur)

64 538 275 646 adjundta;
307 561 347 621 et
374 542 489 650 hujus
508 544 671 651 quidem
693 544 803 623 modi
824 543 924 637 sunt,
946 541 1058 633 retia,
1080 542 1224 650 plaga,

64 651 271 749 venabula,
303 683 424 750 canes,
442 655 603 764 sandes.
663 682 703 758 4.
737 655 910 734 Habitus
943 656 1018 734 five
1049 654 1222 747 vestituS,

67 763 223 845 Sidonia
241 767 414 875 chlamys,
428 785 625 878 purpurea
644 769 764 876 vestis,
786 772 860 850 &u
920 770 1054 874 Atque
1074 763 1155 845 haec
1175 767 1223 845 de

65 876 253 983 adjundto
273 899 446 988 recept0.

125 991 303 1100 Qartus
331 992 473 1072 modus
498 992 554 1071 est
580 991 751 1096 adjuncti
779 993 973 1099 occupati.
1034 989 1223 1070 Etenim

65 1098 327 1207 acds'unc‘laruna
344 1101 399 1183 ad
406 1103 595 1210 stcbjecta,
615 1103 746 1213 quibus
765 1122 1008 1214 occupantur,
1029 1101 1114 1208 ustas
1138 1102 1224 1182 item

63 1241 237 1320 magnus.

122 1327 220 1407 Hoc
240 1345 474 1434 argumento
495 1329 609 1408 Plata
627 1327 778 1434 mistras
795 1326 971 1407 ciuitates
988 1345 1222 1434 auguratur,

65 1466 152 1546 quae
168 1439 388 1519 medicorum
406 1458 444 1519 et
459 1437 632 1545 judicum
650 1438 884 1520 multitudine
911 1438 1114 1545 indigeant,
1135 1440 1223 1548 quia

65 1551 225 1631 multant
243 1580 381 1662 quaque
404 1569 442 1632 ct
469 1553 787 1662 intemperantiam
811 1568 849 1630 et
874 1550 1088 1659 injustitiam
1114 1553 1153 1631 in
1179 1581 1222 1632 ea

66 1661 228 1744 ciuitate
245 1663 397 1770 verstari
418 1665 548 1774 neceffe
561 1665 634 1770 stt.
696 1665 805 1776 Qia
833 1691 977 1771 nempe
1004 1666 1044 1743 in
1073 1662 1221 1744 effectis

18 1878 24 1887 Ι
67 1774 380 1884 intemperantia
395 1775 584 1871 sanandis,
597 1777 766 1871 medici;
798 1779 839 1854 in
859 1776 1008 1855 effectis
1029 1776 1223 1882 injustitiae

67 1887 328 1981 vindicandis,
349 1889 503 1994 judices
538 1908 727 1998 tanquam
757 1889 929 1995 adjuncti
947 1891 1145 2000 ·occupati
1179 1892 1220 1969 in

66 1996 242 2106 subjesto
261 1998 328 2079 suo
348 2022 564 2109 occupante
584 2001 795 2081 versantur.

123 2111 204 2192 Sed
217 2114 405 2220 categoria
423 2113 499 2192 five
520 2115 627 2195 locus
647 2131 971 2221 argumentorum
990 2111 1221 2218 consentane-

65 2226 240 2330 orumstc
253 2224 320 2332 est,
341 2224 434 2306 unde
447 2224 594 2335 quiduis
612 2226 730 2306 alteri
744 2227 1030 2330 carfintaneurn,
1049 2227 1116 2305 vel
1129 2225 1220 2306 idern

65 2337 132 2415 vel
146 2366 261 2417 unum
278 2337 496 2447 dicipofflt3
526 2337 707 2448 omndsquc
725 2337 821 2418 madi
841 2338 997 2418 unitatis
1016 2355 1052 2416 et
1073 2336 1146 2449 (ut
1164 2341 1221 2420 ita

66 2445 215 2558 dicam)
236 2450 443 2531 identitatis
460 2452 532 2529 huc
545 2450 643 2557 stant
661 2468 839 2560 tanquam
858 2449 1059 2561 adprimus
1076 2469 1113 2530 et
1122 2453 1220 2557 strn-

62 2559 184 2667 plicas
187 2563 320 2669 santes
336 2561 535 2668 referendi.

122 2674 191 2752 Ad
203 2674 484 2782 explicandum
499 2673 848 2753 consentaneorum
861 2673 901 2751 in
913 2676 1219 2782 comparationi-

67 2782 139 2865 bus
161 2785 275 2866 usum
294 2786 374 2866 haec
394 2786 564 2866 clausula
584 2787 729 2892 adjecta
746 2787 814 2866 est.
856 2782 1044 2893 Nfimque
1065 2807 1109 2866 ut
1123 2816 1219 2867 con-

68 2895 250 2978 senfionis
274 2900 402 2978 omnis
422 2898 593 2978 duorum
614 2901 654 2978 in
675 2927 754 2979 uno
776 2899 905 2991 tertio,
926 2898 1039 2977 itaet
1059 2901 1218 2979 unitatis

67 3010 180 3090 modi
203 3008 298 3090 hinc
326 3011 414 3090 sunt
439 3011 613 3120 petendi.
675 3018 788 3124 Qot
807 3028 940 3090 autem
962 3008 1087 3088 modis
1106 3011 1219 3118 plura

67 3121 254 3202 dicuntur
269 3124 371 3204 inter
387 3124 424 3205 se
440 3123 671 3216 consentire,
685 3143 743 3202 tot
758 3123 877 3201 etiam
894 3122 1020 3200 modis
1033 3121 1219 3202 dicuntur

67 3261 193 3314 unum
214 3253 253 3314 et
272 3236 405 3316 idem:
436 3235 608 3316 absolute
628 3235 774 3314 scilicet
792 3252 859 3314 aut
879 3235 998 3314 modo
1018 3235 1216 3342 quodam:

68 3346 242 3427 absolute
263 3376 389 3428 unum
400 3348 462 3427 vel
483 3349 590 3428 idem
609 3348 724 3426 causd
738 3367 778 3427 et
791 3345 953 3441 effeet03
977 3346 1096 3427 modo
1116 3376 1217 3456 quo-

66 3458 160 3538 dam
180 3487 307 3539 unum
322 3481 361 3542 et
376 3461 483 3540 idem
504 3460 675 3566 subjecto
695 3478 735 3539 et
754 3459 949 3563 adjuncto.
1012 3458 1137 3538 Causa
1157 3462 1218 3540 vel

66 3570 262 3650 efficiente
279 3572 341 3651 vel
362 3575 525 3653 materia
540 3573 601 3652 vel
622 3570 750 3651 forma
770 3571 831 3650 vel
851 3571 942 3650 fine.
1003 3573 1066 3650 Sic
1086 3573 1217 3681 plures

66 3681 213 3777 statuae,
239 3684 433 3764 efficiente
465 3684 553 3764 sunt
578 3684 738 3777 eaedem,
772 3685 798 3763 fi
829 3683 1001 3789 ejusdem
1032 3684 1215 3765 artificis:

67 3796 247 3888 materia,
269 3797 295 3875 fi
316 3824 366 3875 ex
386 3797 538 3890 eadem,
554 3824 649 3875 auro
668 3796 814 3875 scilicet
833 3814 899 3874 aut
918 3796 1056 3889 ebore3
1089 3795 1216 3876 forma

66 3906 262 4015 fieffigies
278 3908 464 4015 ejusdem,
481 3906 698 3988 Alexandri
712 3929 807 4017 puta
823 3906 884 3985 vel
906 3906 1093 4013 Caesaris;
1124 3908 1216 4003 fine,

66 4018 157 4098 fiad
177 4020 349 4100 eundem
363 4022 597 4101 ornandum.
658 4021 721 4099 Sic
739 4019 909 4123 subjecto
924 4019 1030 4099 idem
1047 4020 1134 4100 sunt
1147 4022 1216 4102 ad·

58 4131 198 4237 juncta
231 4131 310 4212 duo
337 4134 399 4212 vel
431 4134 543 4242 plura
570 4135 610 4212 in
640 4133 780 4212 eodem
811 4131 1003 4236 subject03
1035 4134 1216 4239 adjuncto

65 4243 177 4322 idem
195 4241 284 4324 sunt
298 4244 412 4355 plura
428 4246 593 4352 subjecta
609 4245 752 4354 quibus
769 4245 876 4324 idem
893 4244 1140 4353 adjungitur:
1173 4266 1218 4326 ut

64 4356 153 4435 duae
171 4357 234 4435 vel
259 4358 389 4466 plures
415 4387 474 4438 res
503 4360 598 4438 albae
618 4358 679 4436 vel
707 4359 839 4467 nigrae,
866 4358 1045 4438 albedine
1065 4358 1127 4437 vel
1155 4359 1216 4437 ni-

64 4468 229 4574 gredine
248 4471 355 4551 idem
375 4470 476 4550 sunt.
