2956 4980
165 278 248 358 300
392 237 555 334 Literae
581 234 776 334 Oliverii
801 230 1095 335 Ρτοῑεᾶοῐὶε.

165 412 278 506 verit,
307 411 503 492 summam
534 412 655 493 fidem
681 410 898 492 adhibeatis
926 436 1139 517 rogamus3
1169 437 1267 489 cum
1293 409 1322 488 is

164 523 210 603 fit
228 524 337 630 cujus
356 524 449 605 fidei
469 544 586 632 atque
606 524 821 634 prudentiae
837 549 908 603 nos
921 549 1081 630 quoque
1097 521 1320 632 plurimum

165 634 396 716 tribuamus.
457 637 584 716 Simul
617 654 658 717 et
695 634 794 716 illud
828 635 1020 747 petimus,
1053 652 1100 714 ut
1134 633 1320 739 Majestas

152 747 288 828 ,vestra
322 750 491 829 nostram
522 776 615 856 erga
647 747 685 827 se
715 746 851 856 resque
885 746 968 826 suas
1000 744 1319 826 benevolentiam

164 860 415 968 fingularem,
447 880 565 969 atque
589 860 763 941 studium
794 858 1122 967 persuafiffimum
1147 857 1221 937 fibi
1250 856 1317 936 ha-

163 971 277 1067 beat;
308 972 419 1078 cujus
451 1000 521 1052 uos
555 992 787 1080 argumenta
817 971 1025 1052 certiffima
1054 998 1125 1079 per
1154 997 1316 1049 omnem

163 1084 405 1163 occafionem
425 1103 464 1164 et
483 1084 676 1194 propenso
696 1086 831 1164 animo
850 1102 890 1163 et
909 1082 1049 1162 officiis
1069 1082 1315 1190 paratiffimis

163 1195 437 1304 praebebimus.

79 1418 93 1426 .
221 1322 285 1399 Ex
304 1322 412 1401 Aula
431 1320 552 1430 nostra
570 1320 814 1431 Westmonast.

259 1434 368 1542 Aug.
391 1434 472 1514 An.
495 1434 608 1514 Dom.
635 1433 756 1540 1657.

357 1545 574 1652 Majestatis
593 1544 724 1624 vestrae
744 1544 896 1624 amicus
917 1561 958 1622 et
979 1542 1209 1624 Foederatus
1348 1607 1355 1615 .

630 1656 963 1764 coujunffiffimus

460 1769 652 1850 Oliverius
671 1771 873 1850 ProteCior
894 1767 1071 1876 Reipub.
1093 1768 1220 1876 Angl.
1241 1772 1311 1850 &e

163 2145 463 2252 Excellentffmo
483 2144 640 2226 Domino
660 2145 839 2224 Domino
859 2144 908 2225 de
930 2143 1185 2237 Bourdeaux,
1208 2145 1313 2224 Sere-

232 2254 363 2366 uifflmi
377 2259 491 2368 Regis
512 2258 735 2338 Galliarum
756 2257 903 2365 Legata
922 2254 1240 2337 extraordinario.

247 2420 581 2502 Excellentiffime
602 2421 794 2513 Domine,

293 2549 495 2625 Ercatores
539 2545 702 2653 quidam
742 2541 1129 2648 Laudine-derriufis
1168 2543 1320 2622 Samuel

319 2655 532 2763 Dausonus,
553 2656 722 2764 Joannes
742 2655 967 2764 Campsejus,
983 2675 1023 2735 et
1042 2656 1215 2764 Joannes
1234 2657 1314 2734 Ne·

161 2765 287 2861 uinus,
314 2798 384 2880 per
408 2768 588 2848 libellum
615 2768 833 2879 supplicem
860 2768 1107 2847 Serenissimo
1134 2769 1314 2848 Domino

123 2952 125 2957 .
163 2879 380 2962 Proteeiori
418 2881 639 2975 ediderunt,
675 2880 726 2975 se,
762 2879 1015 2990 posteaquam
1036 2879 1179 2959 ·foedus
1215 2882 1316 2960 inter

162 2988 263 3072 hanc
288 2992 466 3104 Rempub.
494 2996 732 3103 Regnumque
759 2993 896 3073 Galliae
918 2993 1230 3100 redintegratum
1255 2996 1314 3071 in-

163 3105 408 3200 tellexerant,
436 3108 515 3185 An.
547 3108 671 3185 Dom.
706 3107 754 3185 16
760 3131 781 3212 5
789 3131 826 3211 5.
853 3132 993 3185 navem
1022 3104 1224 3214 quandam
1249 3107 1314 3185 cui

161 3244 307 3297 nomen
328 3219 490 3326 Anglici
512 3214 589 3298 The
605 3216 818 3327 Speedwell,
833 3217 1008 3296 melioris
1023 3218 1169 3296 ominis
1183 3219 1314 3311 causa,

160 3357 281 3435 quam
301 3352 461 3411 eventus
481 3330 645 3424 ferebat,
666 3330 909 3439 impositum,
930 3330 1100 3438 Joannes
1119 3331 1204 3408 Ker
1221 3331 1314 3409 Ma-

159 3440 278 3548 gister
301 3461 395 3537 erat,
424 3445 619 3523 mercibus
643 3441 878 3551 quibusdam
903 3469 953 3521 ex
979 3461 1095 3549 portu
1117 3442 1320 3548 Derrierfi

161 3552 414 3659 Burdegulam
438 3554 702 3635 convehendis
725 3553 919 3648 oneraffe3
951 3581 1040 3632 eam
1065 3581 1207 3633 navem
1234 3556 1317 3634 illic

160 3693 279 3745 onere
303 3666 493 3776 expofitO,
514 3669 683 3777 vinoque
703 3666 866 3776 aliisque
890 3664 1087 3746 mercibus
1112 3665 1204 3745 inde
1233 3668 1314 3745 im-

161 3779 307 3887 pofitis,
321 3799 475 3888 captam
491 3780 531 3858 in
548 3780 674 3859 reditu
687 3778 752 3858 die
771 3804 824 3881 214
837 3776 1062 3858 Novembris
1074 3781 1167 3857 anni
1180 3777 1318 3888 supra-

161 3893 256 3971 diui
281 3888 302 3970 ὲ
326 3893 463 3972 duabis
488 3892 714 4000 Brcstenfitm
740 3891 923 3970 Navibus
951 3891 1125 3984 armatu,
1146 3919 1320 4000 quarum

161 4003 273 4083 alteri
293 4004 491 4085 Adrianus
506 4003 701 4085 Vindmian
722 4004 869 4096 Swart,
890 4002 1001 4083 alteri
1020 4001 1192 4111 Jacobus
1211 4004 1318 4111 Jon-

146 4115 264 4221 stmus
282 4115 452 4227 praefuit,
474 4117 522 4196 ab
544 4117 681 4196 iisdem
701 4117 821 4195 etiam
847 4116 887 4194 in
914 4133 1076 4224 portum
1097 4116 1315 4210 Brtuutem,

160 4229 281 4337 vulgo
316 4228 551 4339 Bressenstm,
587 4228 697 4309 fuiffe
729 4226 961 4321 abdu&am;
993 4227 1130 4336 ibique
1158 4248 1199 4308 et
1222 4228 1317 4333 jure

158 4362 313 4451 captam
340 4341 557 4447 judicatam
587 4341 676 4434 effe,
704 4360 744 4420 et
767 4342 947 4420 melione
975 4340 1193 4434 venditam,
1217 4369 1315 4421 cum

157 4454 268 4535 mille
288 4474 527 4563 centumque
548 4454 664 4534 libras
684 4453 830 4534 nostras
853 4452 1105 4533 aestimatione
1120 4449 1224 4561 justa
1244 4483 1313 4534 va-
