2956 4980
158 253 239 335 374
466 209 681 346 Epistolae
709 208 990 309 Familiares,

159 388 302 468 tatibus
321 389 557 498 suppeteret,
579 406 616 469 te
637 387 847 496 aliquando
868 385 1140 467 remunerasse.
1203 386 1313 463 Cum

157 528 250 580 vero
268 520 350 580 tam
372 502 550 610 lepidum
570 500 697 595 nobis,
718 518 758 579 et
776 498 984 579 venustum
1005 495 1314 603 Hendecasylla-

158 612 238 692 bon
260 614 538 692 nudiustertius
557 612 775 706 donaveris,
802 630 951 719 quanto
973 609 1129 691 charius
1147 611 1316 718 quidem

158 726 271 831 Auro
289 725 388 804 illud
408 724 463 805 est
486 725 643 819 metito,
666 742 774 804 tanto
794 751 863 803 nos
881 722 1082 803 reddidisti
1101 721 1230 828 magis
1252 718 1313 799 so·

159 837 304 930 licitos,
325 837 403 944 qual
423 865 463 916 re
484 836 699 944 conquifitt
724 853 806 915 tam
826 834 994 940 jucundi
1018 833 1204 915 beneficii
1222 858 1315 939 gra·

161 949 258 1028 tiam
279 948 605 1058 rependeremus;
627 966 738 1029 erant
756 948 921 1055 quidem
941 949 989 1027 ad
1004 973 1168 1027 manum
1185 944 1316 1024 nostra

162 1058 307 1140 hocin
333 1087 476 1168 genere
500 1061 702 1155 nonnulla,
729 1058 793 1139 sed
822 1088 908 1170 quae
938 1060 1014 1140 tuis
1043 1060 1085 1138 in
1114 1076 1318 1137 certamen

162 1173 337 1252 muneris
374 1170 520 1280 aequale
560 1174 669 1252 nullo
708 1172 829 1251 modo
867 1171 1060 1251 mittenda
1103 1168 1316 1249 censerem.

163 1285 289 1363 Mitto
310 1284 441 1391 itaque
460 1284 568 1391 quod
587 1312 667 1364 non
686 1284 802 1393 plane
822 1311 960 1363 meum
979 1284 1049 1378 est,
1076 1282 1140 1362 sed
1160 1301 1202 1362 et
1220 1282 1319 1361 vatis

163 1397 284 1477 etiam
300 1397 406 1477 illius
418 1424 508 1475 vere
522 1397 661 1491 divini,
679 1395 789 1502 cujus
804 1394 906 1475 hanc
920 1396 1039 1475 Oden
1055 1395 1176 1475 alterd
1197 1393 1319 1473 aetatis

164 1508 392 1618 septimana,
424 1508 533 1588 nullo
564 1528 669 1588 certe
702 1508 825 1588 animi
855 1508 1067 1618 propofito,
1097 1506 1160 1586 sed
1190 1504 1318 1585 subito

164 1620 292 1703 nescio
311 1649 392 1729 quo
407 1621 562 1730 impetu
584 1641 672 1701 ante
692 1621 791 1700 lucis
811 1639 1009 1714 exortum,
1026 1620 1072 1699 ad
1090 1617 1224 1698 Graeci
1235 1645 1319 1697 car·

166 1733 285 1813 minis
313 1734 481 1813 Heroici
506 1734 638 1841 legem
661 1735 702 1813 in
728 1733 873 1812 lestulo
902 1731 984 1811 sere
1007 1730 1319 1812 concinnabam:

165 1864 210 1924 ut
229 1841 306 1923 hoc
326 1843 472 1924 scilicet
492 1846 650 1925 innixus
670 1845 844 1951 adjutore
860 1845 931 1952 qui
948 1863 985 1924 te
1006 1871 1084 1922 non
1104 1844 1238 1923 minus
1256 1871 1320 1920 ar-

163 1976 356 2063 gumento
375 1955 542 2065 superat,
563 1985 685 2064 quam
707 1975 749 2036 tu
770 1985 835 2036 me
855 1955 1020 2037 artificio
1040 1957 1178 2049 vincis,
1197 1952 1321 2033 habe-

166 2096 251 2147 rem
282 2068 447 2176 aliquid,
483 2069 590 2176 quod
621 2070 669 2149 ad
700 2067 965 2177 aequilibrium
992 2066 1322 2178 compensationis

168 2180 350 2260 accedere
369 2181 568 2273 videatur3
591 2181 618 2258 sr
638 2182 734 2288 quid
754 2182 939 2275 occurrit,
955 2181 1061 2289 quod
1078 2199 1153 2259 tuae
1167 2179 1216 2258 de
1237 2177 1324 2258 nos-

167 2293 249 2386 tris,
268 2311 312 2371 ut
331 2291 442 2388 soles,
459 2293 637 2404 opinioni
652 2296 784 2372 minus
799 2291 1039 2386 satisfecerit,
1053 2291 1161 2385 scias,
1174 2319 1225 2371 ex
1241 2319 1323 2399 quo

167 2404 309 2485 ludum
325 2406 496 2484 vestrum
512 2406 740 2513 reliquerim
755 2402 831 2485 hoc
848 2433 911 2484 me
925 2407 1088 2484 unicum
1104 2424 1222 2511 atque
1239 2405 1323 2512 pri-

168 2545 282 2596 mum
295 2518 427 2597 Graere
434 2517 706 2626 composuisse,
721 2519 759 2596 in
770 2517 937 2612 Latinis,
944 2536 995 2596 ut
1007 2514 1324 2622 nosti‚Anglr'cis·

168 2659 236 2738 que
256 2628 440 2708 libentius
460 2629 666 2709 versatum.
725 2630 1062 2741 Qandoquidem
1083 2631 1151 2737 qui
1176 2627 1326 2707 Graecir

169 2742 452 2849 componendis
474 2739 550 2820 hoc
571 2740 705 2823 saeculo
727 2742 899 2821 studium
924 2760 1040 2851 atque
1060 2769 1221 2850 operam
1245 2741 1325 2818 im-

172 2854 321 2960 pendit,
356 2853 579 2962 periculum
607 2854 676 2949 est,
706 2883 754 2932 ne
785 2853 1019 2962 plerumque
1050 2852 1162 2932 surdo
1193 2870 1323 2932 canat.

170 2967 285 3058 Vale,
308 2994 451 3074 meque
466 2967 545 3045 Die
559 2968 680 3045 Lunae
697 2965 862 3045 Londim'
879 2966 923 3072 (sr
936 2968 1044 3045 Deus
1057 2965 1244 3071 voluerit)
1262 2965 1326 3041 in-

170 3097 228 3157 ter
244 3077 483 3188 Bibliopolas
500 3083 676 3188 expedia.
739 3080 904 3157 Interim
924 3078 950 3156 fi
970 3077 1067 3185 quid
1086 3076 1191 3185 apud
1207 3077 1325 3155 illum

173 3192 405 3283 Dodorem,
447 3219 622 3270 annuum
654 3191 827 3297 Collegii
859 3189 1076 3286 Praesrdem,
1113 3189 1192 3296 qui
1221 3189 1328 3268 vales

172 3303 359 3395 amicitiai,
375 3303 549 3381 nostrum
563 3304 707 3411 poteris
728 3304 933 3409 negotium
955 3329 1185 3409 promovere
1200 3332 1209 3394 ;
1232 3329 1328 3379 cura

173 3413 313 3519 quaeso,
336 3434 379 3492 ut
400 3415 487 3492 med
506 3416 620 3494 causa
639 3444 759 3522 quam
779 3415 859 3492 cito
880 3415 1016 3508 adeas3
1044 3415 1189 3492 iterum
1211 3412 1325 3491 Vale.

258 3528 294 3602 E
313 3526 428 3632 nostro
450 3527 683 3620 Suburbano,
706 3525 902 3606 Decemb.
926 3552 965 3627 4.
992 3527 1113 3632 1634.

545 3913 584 3990 6.
619 3914 752 3992 Carolo
772 3912 950 3993 Diodoto.

177 4084 324 4276 JAm
344 4083 441 4163 istuc
461 4083 625 4163 demum
646 4085 760 4194 plane
781 4087 895 4165 video
914 4104 952 4163 te
976 4111 1107 4191 agere,
1135 4100 1179 4161 ut
1207 4083 1332 4162 obsti-

270 4215 359 4274 nato
380 4195 530 4274 srlentio
547 4224 615 4277 nos
631 4197 841 4305 aliquando
854 4198 1056 4306 pervincas
1071 4227 1081 4290 ;
1103 4196 1211 4302 quod
1229 4196 1256 4273 fi
1278 4197 1333 4274 ita

176 4308 245 4400 est,
278 4336 377 4415 euge
410 4304 510 4385 habe
543 4308 615 4387 tibi
647 4311 758 4388 islam
789 4309 1014 4416 gloriolam,
1046 4335 1095 4387 en
1124 4306 1332 4386 scribimus

174 4423 346 4530 priores:
380 4447 607 4531 quanquam
623 4441 728 4501 certe
749 4421 775 4500 fi
793 4449 968 4529 unquam
989 4419 1072 4499 haec
1093 4447 1151 4499 res
1172 4419 1212 4497 in
1233 4447 1330 4499 con-
