2956 4980
175 231 254 311 218
415 216 576 312 Literae
602 220 796 311 Senatus
821 211 1093 347 Anglicani.

43 389 51 405 ’
173 391 350 473 miliariis
379 392 428 471 de
462 391 510 471 iis
540 388 724 470 omnibus
754 417 842 497 quae
875 389 1034 497 tranfigi
1063 388 1321 499 expediverit,

172 504 397 613 foederaque
420 503 568 583 vetusta
591 503 803 583 renovandi
826 529 1004 610 novaque
1021 500 1235 608 jungendi,
1256 532 1322 582 ex·

171 617 369 698 istimabat
387 616 552 724 quidem
571 614 773 724 praedidtos
797 614 980 694 dominos
999 615 1174 721 Legatos
1192 640 1240 694 ea
1256 643 1317 694 au·

173 728 357 810 thoritate
375 728 450 807 effe
466 727 646 838 praeditos
664 746 709 807 ut
729 747 770 806 et
788 725 965 836 responsa
984 727 1078 806 dare
1097 725 1263 835 pollent,
1282 748 1321 807 et

171 870 305 922 omma
319 836 872 949 tranfigeretamquaeaparte
884 836 999 945 hujus
1013 838 1190 947 Reipub
1180 867 1321 948 ‚quam

170 982 256 1062 quae
275 951 420 1061 aparte
437 952 553 1058 Regis
565 950 708 1032 Daniae
722 971 763 1031 et
776 950 993 1059 Norwegiae
1008 949 1218 1045 ferrentur,
1230 953 1330 1032 ade-

170 1094 273 1174 oque
293 1063 470 1173 responsa
488 1092 575 1171 quae
591 1063 782 1173 praedietis
795 1064 984 1143 Dominis
999 1063 1161 1170 Legatia
1176 1064 1226 1144 ad
1241 1065 1337 1173 pri-

170 1206 294 1272 mam,
315 1175 539 1269 secundam,
559 1176 716 1255 tertiam
735 1194 776 1257 et
793 1177 976 1284 quintam
992 1174 1168 1256 Concilii
1242 1177 1354 1256 stu-

171 1291 358 1370 lationem
389 1288 480 1367 dare
504 1288 621 1367 libuit
646 1286 752 1368 haud
784 1288 1031 1397 expectabat,
1060 1316 1142 1396 quo
1190 1293 1364 1369 adun»

170 1403 245 1482 erit
264 1422 308 1482 ut
327 1400 423 1482 huic
444 1401 618 1508 praesenti
635 1401 854 1480 tradationi
873 1399 1080 1480 neceffario
1096 1427 1209 1481 more
1224 1400 1364 1481 affe-

171 1534 278 1594 ratur
306 1541 401 1594 cum
431 1531 471 1591 et
502 1513 544 1592 in
574 1512 612 1592 se
637 1511 897 1621 aequiffimum
928 1513 974 1591 fit
1003 1530 1044 1593 et
1066 1513 1109 1591 in
1136 1513 1364 1593 Concilio-

107 1682 111 1689 ψ
170 1627 431 1707 deliberatum
462 1623 590 1705 foedus
615 1625 815 1732 integrum
841 1625 1042 1705 tractando
1066 1626 1183 1705 fimul
1208 1653 1364 1706 com-

169 1739 289 1847 plecti
309 1758 391 1818 tam
410 1737 506 1817 de''
479 1765 527 1817 ns
546 1765 632 1845 quae
651 1737 700 1816 ad
717 1735 819 1818 hanc
834 1736 1014 1846 Rempub.
1028 1765 1151 1845 quam
1172 1766 1260 1846 quae
1273 1738 1364 1817 ad-

169 1855 310 1958 Regna
341 1847 484 1930 Daniae
510 1868 550 1928 et
578 1848 794 1954 Norwegiae
820 1847 1005 1958 spedtant.
1065 1852 1360 1960 Qaproptet‘·

170 1961 400 2042 Concilium
424 1959 541 2040 enixe
565 1959 715 2068 flagitat
738 1980 782 2040 ut
806 1961 1060 2042 Excellentiae
1080 1963 1228 2043 Vestrae
1258 1992 1317 2043 re·

168 2074 356 2204 spondere
376 2074 425 2153 ad
441 2073 674 2183 praedictum
691 2073 864 2153 nostrum
880 2075 1072 2183 primum,
1088 2074 1316 2168 secundum,

170 2188 346 2280 tertium,
368 2205 407 2266 et
425 2187 610 2293 quintum
630 2185 869 2293 postulatum
889 2187 1024 2266 velint.

223 2300 290 2379 Ad
303 2318 489 2408 quartum
501 2299 713 2379 articulum
726 2299 774 2376 de
786 2300 968 2406 portoriis
984 2298 1319 2408 Gluckstadiicum

167 2440 211 2491 ea
233 2411 318 2517 jam
348 2413 547 2519 antiquata
579 2411 665 2502 fint,
694 2410 1033 2538 quemadmodum
1063 2412 1319 2491 Excellentiae

167 2524 342 2602 Vcstrae
332 2553 372 2602 1n
393 2523 571 2650 responso
587 2523 865 2616 meminerunt,
884 2523 998 2603 instat
1014 2524 1246 2604 Concilium
1263 2526 1318 2603 uti

167 2663 304 2715 eorum
329 2635 396 2713 illa
421 2635 638 2742 antiquatio
662 2635 782 2714 etiam
803 2662 874 2744 per
893 2633 969 2715 hoc
989 2633 1115 2717 foedus
1144 2656 1229 2716 rata
1249 2635 1320 2715 ha-

166 2749 316 2840 beatur,
338 2774 386 2825 ne
406 2744 538 2826 forte
527 2775 568 2825 ru
588 2747 786 2856 posterum
807 2767 1050 2828 revocentur.

225 2859 347 2971 Quod
371 2859 420 2939 ad
446 2858 600 2938 sextum
624 2860 848 2951 articulum,
874 2860 945 2967 qui
971 2860 1019 2940 de
1046 2861 1220 2970 pyratica
1247 2862 1319 2954 est,

166 3000 260 3052 eum
279 2972 442 3080 quidem
461 2970 621 3051 inseruit
642 2973 872 3051 Concilium
892 2991 937 3051 ut
957 3001 1028 3081 qur
1017 2974 1095 3053 ad
1115 2973 1320 3104 utriusque

164 3085 375 3166 commoda
404 3111 513 3192 aeque
545 3086 769 3192 pertineret,
801 3105 842 3164 ct
874 3084 923 3163 ad
955 3087 1248 3165 commercium
1277 3089 1318 3166 in

163 3225 375 3276 commune
397 3196 673 3275 stabiliendum
693 3194 842 3304 quoda
862 3199 1008 3305 pyratis
1027 3217 1145 3328 atque
1165 3201 1319 3307 praedo-

165 3310 279 3389 nibus
299 3337 490 3418 perquam
511 3308 687 3388 turbatur
707 3328 824 3417 atque
845 3311 1168 3420 interrumpitur;
1200 3339 1318 3391 cum·

164 3450 242 3530 que
263 3421 486 3529 responsum
507 3422 778 3501 Dominorum
794 3423 1037 3529 Legatorum
1057 3421 1201 3502 dehoc
1220 3425 1317 3504 arti-

163 3535 255 3613 culo
267 3536 314 3613 ad
329 3533 456 3613 hostes
470 3530 624 3612 tantiam
637 3531 824 3614 referatur
837 3536 1082 3615 mentionem
1094 3536 1317 3615 Piratarum

165 3647 314 3725 nullam
339 3645 469 3737 faciat,
499 3646 728 3724 Concilium
754 3646 900 3726 idcirco
923 3648 1135 3756 expreffius
1158 3648 1318 3758 respon·

163 3758 247 3838 sum
268 3758 316 3838 ad
338 3759 377 3836 id
398 3757 511 3867 petit.

223 3873 408 3979 Cumque
430 3870 603 3980 praeditti
632 3871 800 3950 Domini
825 3872 1001 3979 Legati
990 3900 1032 3951 m
1055 3870 1120 3950 sua
1147 3872 1317 3981 replica-

164 3983 269 4062 tione
289 3983 337 4062 ad
354 3981 578 4093 responsum
600 3982 774 4061 Concilii
793 4002 833 4062 et
851 3984 1057 4065 decimum
1080 3981 1196 4063 suum
1220 3986 1316 4064 arti·

161 4096 313 4187 culum,
331 4095 431 4174 etad
447 4124 542 4173 eum
556 4096 730 4175 Concrlu
744 4095 970 4205 responsum
1012 4095 1316 4189 taetermiserint,

161 4209 344 4288 Concilio
368 4206 619 4286 neceffarium
640 4206 766 4286 visum
786 4209 841 4287 est
861 4126 1058 4319 priorilus
1083 4206 1160 4289 suis
1179 4209 1315 4317 postu·

162 4322 249 4400 latis
269 4321 498 4428 sequentem
519 4318 625 4399 hunc
646 4320 858 4400 articulum
878 4322 1104 4430 adjungere.

218 4433 419 4544 Populum
445 4452 484 4511 et
509 4432 654 4511 incolas
681 4432 854 4541 Reipub.
882 4435 1038 4564 Angliae
1060 4432 1131 4540 qui
1156 4433 1318 4540 negotia

157 4564 224 4624 aut
244 4547 532 4626 commercium
553 4573 622 4652 per
639 4543 716 4624 ulla
738 4572 869 4652 regna,
889 4549 1083 4654 regiones,
1106 4564 1174 4624 ant
1195 4545 1317 4624 ditio-
