2956 4980
176 245 253 351 362
386 228 619 358 Scriptum
646 229 794 320 Dom.
821 227 1116 323 Protectoris.

174 401 346 509 trossteos
359 401 509 514 exegiffe
521 400 642 509 rigide
653 432 680 482 a
691 399 791 480 nobis
808 400 888 480 illos
899 401 1011 509 pacis
1027 401 1216 481 articulos
1233 402 1330 482 inter

174 533 370 625 utramque
388 543 554 594 corenam
560 513 741 621 sancitos,
754 512 822 622 qui
832 541 914 592 cum
928 513 1166 623 ampliassex
1181 515 1251 594 vel
1256 519 1330 596 ocio

173 628 335 708 navibus
351 626 488 707 bellicis
503 626 650 706 intrare
657 644 793 734 portus
806 624 983 735 utrinque
1001 645 1152 710 vetant.

230 737 386 819 Verum
396 735 736 848 quemadmodum
747 737 843 847 ipse,
856 737 956 816 dum
971 737 1054 818 haec
1069 740 1187 833 dicit,
1198 739 1330 819 claffes

176 852 320 933 nostras
340 853 451 933 omni
470 851 676 930 commiffo
699 878 745 930 ac
768 848 925 930 foederis
943 851 1162 931 violatione
1186 851 1271 931 illis
1292 853 1330 930 in

175 964 366 1074 portubus
384 962 561 1055 absolvit,
586 959 696 1056 cirm,
720 961 846 1070 siquid
865 961 1070 1069 ejusmodi,
1095 964 1209 1072 quod
1229 963 1330 1069 obji-

173 1079 290 1170 citur,
315 1074 465 1155 fadtum
483 1093 524 1153 et
541 1075 808 1175 condonatum
827 1073 886 1169 fit,
912 1075 954 1154 id
978 1075 1098 1185 ipfius
1121 1094 1166 1155 et
1191 1074 1329 1156 minis·

175 1207 325 1267 trorum
341 1186 501 1267 suorum
519 1185 704 1296 permiffu
725 1214 770 1266 ac
787 1187 891 1266 bona
906 1189 1018 1266 venia
1038 1188 1085 1267 fit
1103 1185 1277 1282 factum,
1293 1207 1330 1267 et

173 1296 514 1408 quemadmodum
542 1298 630 1377 luce
658 1298 799 1378 clarius
831 1298 888 1377 est
919 1326 999 1379 non
1027 1324 1123 1379 eum
1153 1299 1328 1407 gratuito

175 1430 258 1491 tam
277 1410 436 1491 facilem
457 1409 582 1503 fuiffe,
604 1409 647 1504 fi,
671 1430 817 1518 quanta
836 1438 858 1490 a
877 1411 1055 1491 claffibus
1074 1413 1220 1492 nostris
1240 1441 1328 1492 mo·

174 1544 307 1604 menta
326 1523 400 1603 suis
420 1522 635 1603 rationibus
650 1521 885 1615 accesserint,
899 1521 1029 1603 secum
1044 1526 1215 1635 cogitet,
1234 1525 1289 1604 ita
1308 1524 1327 1605 ὲ

173 1638 367 1715 contrario
391 1663 461 1714 rex
491 1636 558 1714 ille
587 1633 744 1742 ejusque
767 1633 952 1728 ministri,
983 1663 1080 1742 quas
1103 1635 1189 1744 ipse
1215 1665 1327 1716 com·

174 1766 383 1840 memorat,
404 1748 602 1855 padiones
624 1745 789 1827 minime
813 1745 900 1825 sane
919 1746 1197 1843 observarunt;
1229 1777 1326 1857 qua·

175 1886 263 1937 rum
284 1861 449 1938 articulo
464 1859 654 1967 vigesrmo
674 1859 790 1938 tertio
810 1880 892 1937 tam
909 1857 1050 1939 diserte
1068 1878 1238 1939 cautum
1257 1861 1323 1954 est,

175 1970 222 2049 Si
236 1970 427 2076 contingat
451 1988 495 2049 ut
512 1969 747 2078 efficentia
772 1973 873 2050 inter
899 1987 1109 2078 utramque
1132 1972 1324 2082 rempub·

172 2081 291 2161 licam
304 2083 492 2174 oriantur,
508 2099 551 2160 ut
557 2079 708 2187 stebditi
722 2081 808 2162 hinc
826 2080 908 2161 inde
926 2081 982 2160 ita
1005 2111 1049 2162 ea
1070 2081 1115 2162 de
1134 2113 1180 2163 re
1201 2083 1323 2164 admo·

173 2212 354 2287 neonium
376 2211 420 2272 ut
424 2194 499 2299 sex
516 2195 647 2300 merses
664 2224 691 2274 a
708 2211 867 2303 tempore
884 2193 1089 2274 monitionis
1098 2195 1265 2276 habeant
1278 2195 1327 2277 ad

173 2305 480 2416 traestortandas
505 2335 641 2386 merces
651 2305 761 2411 fiaes,
781 2306 887 2386 nulla
905 2305 1047 2385 interea
1064 2308 1321 2416 arrssatiene,

172 2418 454 2528 interruptione,
474 2437 544 2498 aut
562 2416 690 2498 domno
703 2416 945 2526 personarum
958 2436 1027 2497 aut
1040 2421 1320 2527 merciumstea·

171 2559 255 2609 rum
260 2529 452 2636 faciendis
470 2532 536 2610 vel
550 2528 690 2612 dandis.
728 2535 821 2641 Qa
840 2532 882 2608 in
901 2559 942 2610 re
963 2558 1034 2609 rex
1048 2530 1117 2610 ille
1130 2534 1319 2640 exiguam

172 2641 258 2721 sane
281 2645 509 2751 padionum
535 2641 706 2739 illarum,
726 2671 823 2750 quas
842 2661 978 2722 contra
997 2670 1067 2722 nos
1090 2642 1261 2752 profert,
1282 2647 1319 2723 in

170 2752 239 2832 illa
266 2782 392 2863 nuper
416 2754 633 2832 nostrarum
657 2782 790 2833 rerum
817 2754 1098 2862 proscriptione
1124 2757 1318 2836 rationem

170 2862 321 2944 habuit.
388 2866 509 2975 Qod
528 2885 661 2945 autem
681 2866 722 2943 in
742 2894 790 2944 eo
810 2867 939 2946 edicto
959 2866 1144 2960 declarat,
1165 2867 1317 2948 hostili-

170 2996 293 3056 tatem
313 2980 353 3055 in
380 2977 615 3058 occidentali
637 2975 748 3056 Inde'a
774 2997 967 3070 exortam,
991 2975 1053 3057 his
1078 2981 1117 3056 in
1139 2980 1316 3087 partibus

168 3090 423 3170 violationem
456 3091 561 3198 pacis
596 3088 789 3198 liberique
821 3091 1053 3169 commercii
1092 3087 1316 3171 habendam

169 3200 257 3294 ess'e,
276 3230 389 3295 nova,
408 3199 584 3309 adedque
599 3202 674 3281 alia
694 3202 808 3310 plane
829 3203 1098 3311 interpretatio
1112 3203 1184 3295 est,
1200 3222 1315 3311 atquc

168 3310 355 3392 haetenus
380 3314 428 3392 ab
460 3314 604 3392 utravis
637 3312 838 3422 republica
861 3314 903 3391 in
934 3314 1113 3393 medium
1138 3342 1314 3423 unquam

167 3423 281 3502 allata
298 3425 376 3502 est:
399 3426 548 3505 tametfi
566 3422 641 3504 hoc
654 3425 875 3505 declarandi
894 3424 1111 3505 occafiones
1131 3429 1314 3536 utrinque

167 3562 245 3613 non
266 3534 438 3614 defuere.

222 3643 376 3725 Verirm
397 3650 491 3725 cirm
508 3646 702 3754 Hffpaniae
717 3676 786 3727 rex
807 3647 886 3757 ipse
907 3667 946 3728 ct
966 3648 1093 3728 verbis
1113 3668 1153 3728 et
1172 3677 1214 3727 re
1234 3650 1314 3758 ipsa

164 3757 416 3837 declaraverit
436 3759 541 3866 pacis
558 3759 742 3838 articulos
762 3760 931 3868 intelligi
951 3759 1001 3838 fic
1016 3759 1174 3852 debere,
1188 3761 1313 3842 effici-

164 3889 228 3949 tur
248 3870 341 3951 hinc
360 3892 405 3951 ut
425 3890 482 3949 tot
501 3890 636 3950 contra
656 3871 801 3978 Anglos
819 3872 866 3952 iis
885 3873 927 3950 in
943 3871 1168 3979 regionibus
1189 3870 1313 3952 hosti-

161 3980 251 4061 liter
280 3983 390 4063 factis
420 4001 460 4062 et
487 3982 535 4061 ab
565 3982 648 4090 ipso
680 3985 858 4091 primum
890 3983 1051 4075 exortis,
1080 4002 1120 4062 et
1148 3984 1198 4063 ab
1228 3985 1312 4093 ipso

162 4112 339 4201 tempore
352 4092 534 4202 proxime
546 4093 710 4201 percuffi
724 4092 893 4188 foederis,
907 4113 952 4173 ut
963 4094 1229 4204 supradictum
1240 4098 1312 4193 est,

159 4202 239 4284 huc
256 4204 377 4312 usque
396 4207 647 4298 continuatis,
668 4205 716 4284 ab
736 4205 771 4283 se
791 4208 921 4313 primo
942 4205 1066 4285 soluta
1084 4205 1188 4287 sacra
1207 4211 1311 4288 ami·

158 4319 258 4396 citiae
281 4317 437 4396 vincula
463 4315 541 4424 ipse
566 4316 603 4394 se
627 4316 839 4424 coarguiffe
867 4318 1058 4396 videatur.
1119 4324 1222 4431 Qae
1249 4349 1311 4400 res

158 4447 239 4506 tam
260 4429 361 4508 clara
380 4458 451 4537 per
471 4427 506 4506 se
527 4445 566 4506 et
585 4425 787 4507 manifesta
807 4426 876 4520 est,
903 4448 947 4506 ut
966 4428 1199 4510 adversarios
1219 4433 1309 4512 nos-
