2956 4980
238 265 321 350 274
453 219 617 321 Literae
642 217 837 316 Oliverii
861 215 1168 314 Proteuoris..

238 403 345 483 ribus
362 399 498 480 nostris
514 398 709 478 summam
724 424 793 504 per
807 394 990 500 injuriam
1003 393 1127 486 illato,
1140 390 1391 473 sstisfaciant.

239 518 351 596 Deus
366 510 803 618 MajestatemVestram
816 503 1029 587 diutiffime
1041 505 1258 598 conservet,
1268 506 1393 584 Rem-

239 656 318 737 que
343 625 527 706 Gallicam
551 641 686 703 contra
705 647 964 701 communem
991 617 1193 726 utriusque
1216 616 1394 696 nostrum

242 740 395 820 hostem
417 757 571 817 tueatur
590 754 706 843 atque
727 733 921 813 sustineat.

244 880 307 957 Ex
328 874 479 955 Palatio
498 872 615 981 nostro
638 873 694 951 W
689 869 953 980 estmonasterii.

276 988 353 1068 Die
373 985 541 1094 Augusti
557 987 638 1064 An.
662 986 772 1066 Dum.
799 985 847 1062 16
853 983 920 1089 56.

634 1120 850 1227 Majestatis
870 1119 1016 1200 Vestrae
1036 1117 1341 1199 Studiofiffimus

784 1232 975 1315 Oliverius
996 1233 1198 1312 Protector
1219 1227 1391 1336 Reipub.

310 1684 511 1764 Oliverius
533 1686 731 1763 Proterror
752 1681 860 1788 Reip.
883 1679 1038 1787 Angliae
1059 1675 1339 1783 Eminentffmo

496 1795 653 1875 Domino
675 1793 875 1874 Cardinali
896 1793 1145 1872 Mazzarin0.

333 1970 649 2049 Eminentiflime
671 1970 862 2062 Domine,

343 2085 428 2161 Um
441 2082 575 2160 danda
591 2079 693 2160 mihi
712 2083 832 2161 literae
847 2081 896 2161 ad
911 2082 1067 2186 Regem
1083 2077 1219 2174 essent,
1230 2081 1396 2159 eandem

369 2223 527 2303 quoque
541 2193 588 2273 ad
609 2195 880 2273 Eminentiam
896 2193 1061 2273 vestram
1076 2191 1271 2272 scribendi
1286 2221 1397 2273 occa-

249 2310 396 2388 fionem
421 2307 637 2386 arbitrabar
662 2303 763 2384 mihi
781 2305 980 2385 oblatam:
1010 2303 1120 2409 cujus
1148 2306 1258 2384 enim
1287 2307 1399 2385 unius

247 2422 322 2499 viri
343 2421 550 2528 prudentia
565 2419 765 2525 singularis
781 2419 974 2499 Gallorum
986 2445 1046 2497 res
1066 2418 1276 2511 maximae,
1293 2417 1398 2500 sum-

250 2561 393 2640 maque
416 2532 549 2638 Regni
570 2531 726 2638 negotia
753 2533 837 2637 pari
857 2530 949 2625 fide,
969 2530 1145 2624 confilio,
1165 2559 1211 2610 ac
1229 2530 1399 2637 vigilan-

250 2645 304 2723 tia
328 2645 569 2736 moderatur,
593 2671 687 2722 eum
710 2643 828 2724 celari
847 2671 926 2751 qua
950 2644 999 2724 de
1020 2671 1061 2722 re
1088 2642 1298 2723 scriberem
1322 2671 1400 2722 non

249 2757 460 2835 convenire
480 2755 769 2834 existimabam.
830 2756 976 2836 Foedus
992 2756 1100 2834 enim
1117 2754 1279 2848 avobis,
1294 2755 1401 2862 quod

251 2868 430 2948 dubitare
462 2867 569 2948 nefas
602 2869 709 2961 effet,
736 2866 965 2949 sanctissime
996 2868 1232 2977 percuffum,
1260 2868 1401 2947 eodem

251 2978 351 3089 pene
368 2982 431 3061 die
452 2979 624 3090 spretum
641 3008 686 3060 ac
700 2978 924 3061 violatuma
943 2982 1051 3062 Gallo
1065 2980 1238 3089 quodam
1250 2978 1402 3088 AEgidio

251 3112 420 3202 quatuor
445 3095 606 3172 navium
633 3092 814 3202 praefecto
832 3093 989 3202 ejusque
1017 3093 1127 3173 sociis
1151 3120 1402 3200 nequaquam

253 3206 504 3285 inscientibus
525 3209 751 3313 querimur:
782 3207 1120 3313 quemadmodum
1139 3223 1180 3284 et
1205 3232 1257 3285 ex
1281 3206 1403 3284 literis

253 3318 391 3397 nostris
411 3317 459 3397 ad
481 3320 638 3424 Regem
656 3319 769 3411 datis,
789 3337 899 3398 etex
919 3320 1009 3428 ipsis
1028 3317 1403 3397 mercatorumnos·

255 3450 407 3508 trorum
432 3431 634 3539 postulatis
654 3429 767 3510 facile
791 3431 936 3538 poterit
954 3429 1185 3537 cognoscere
1210 3429 1405 3508 Eminen-

255 3542 309 3620 tia
333 3543 480 3632 vestra;
512 3571 633 3649 quam
665 3562 801 3651 praeter
827 3562 983 3622 caeteros
1012 3568 1091 3620 non
1123 3539 1242 3647 fugit,
1267 3542 1406 3650 quanti

255 3682 334 3733 non
351 3653 650 3761 magistratuum
670 3656 871 3746 duntaxat,
887 3681 1025 3733 verum
1044 3654 1164 3732 etiam
1184 3655 1305 3762 ipfius
1324 3656 1406 3734 Re-

256 3768 328 3873 giae
363 3765 579 3871 Majestatis
611 3766 757 3846 interfit
786 3766 993 3845 violatores
1025 3765 1221 3846 foederum
1254 3767 1406 3875 primos

256 3908 321 3958 eos
342 3876 509 3959 severius
528 3880 673 3988 puniri.
733 3880 885 3957 Verum
905 3879 965 3958 illi
984 3877 1152 3972 fortaffe,
1168 3906 1249 3986 quo
1269 3880 1406 3958 tende-

257 3989 365 4084 bant,
387 3993 428 4069 in
452 3990 678 4073 orientalem
695 3991 841 4071 Indiam
853 3991 938 4098 jam
956 4019 1059 4071 nunc
1073 3990 1239 4100 appulfi,
1255 3992 1407 4072 nostro·

257 4130 345 4183 rum
362 4103 464 4182 bona
476 4103 682 4209 contrajus
695 4132 813 4183 omne
826 4124 943 4212 atque
955 4103 1075 4182 fidem
1089 4104 1130 4182 in
1146 4104 1408 4183 recentiffimo

257 4212 403 4294 foedere
419 4234 564 4322 erepta,
581 4216 704 4294 veluti
723 4216 893 4324 praedam
908 4215 956 4296 ab
975 4214 1151 4296 hostibus
1166 4236 1324 4326 captam
1339 4215 1406 4295 fibi

257 4324 418 4406 habent.
478 4327 584 4406 Illud
597 4328 652 4406 est
665 4330 812 4407 interea
823 4329 931 4436 quod
943 4329 1216 4409 Eminentiam
1228 4328 1408 4408 Vestram

257 4466 457 4546 rogamus,
478 4459 522 4520 ut
540 4468 627 4548 quae
646 4440 694 4520 ab
720 4443 880 4521 navium
907 4438 1105 4551 praefedto,
1126 4460 1317 4550 tanquam
1342 4441 1409 4520 iti-
