2956 4980
94 257 208 391 Cap.
235 301 278 381 9.
400 258 589 357 Plenior
615 257 864 368 Institutio
1141 286 1210 374 131

56 436 213 519 medium
229 459 271 521 et
283 438 420 521 medies
438 443 617 522 terminus
635 442 793 521 dicitur.
854 440 952 520 Non
968 467 1047 546 quo
1065 436 1217 547 semper

59 553 217 632 medius
238 553 341 634 inter
359 554 457 634 duos
477 555 697 663 quaestionis
719 555 905 632 terminos
926 554 966 630 in
992 550 1215 659 syllogismo

56 664 291 759 collocetur,
311 664 433 744 sed
395 666 567 774 eoquod
587 668 693 775 quas1
713 664 856 744 arbiter
875 666 923 743 de
944 665 1127 743 consensu
1147 692 1216 743 eo-

58 804 151 855 rum
166 778 270 857 inter
290 777 326 856 sc
346 797 415 857 aut
434 778 596 859 dissensu
600 778 813 886 ,disceptat
833 795 901 881 etJ
893 777 1050 856 udicat
1081 780 1215 884 Atque

57 885 141 968 haec
166 889 255 969 sunt
277 892 350 969 tria
376 890 442 969 illa
467 910 713 1000 argumenta,
736 919 786 969 ex
813 805 954 997 quilius
979 889 1066 969 solis
1086 890 1215 969 omnis

58 999 307 1110 syllogismus
345 1002 576 1096 conficitur3
617 1005 698 1083 duo
729 1003 876 1081 scilicet
910 1002 1144 1130 quaestionis,
1176 1019 1216 1080 et

58 1116 225 1194 tertium
241 1135 544 1221 argumentum
566 1145 652 1224 quae
673 1114 793 1221 vulgo
813 1134 890 1194 tres
908 1115 1055 1194 termine
1051 1114 1214 1194 dicun-

60 1244 138 1305 tur.
199 1227 383 1305 Termini
409 1248 541 1308 autem
562 1230 625 1308 isti
644 1257 723 1307 non
743 1227 895 1336 semper
906 1227 1109 1337 -srmplrces
1129 1226 1216 1305 sunt

59 1366 193 1432 voces,
223 1337 288 1417 sed
311 1341 505 1420 orationes
524 1369 808 1448 nonnunquam
838 1339 1110 1446 longiusculae3
1143 1367 1215 1418 nec

59 1450 1213 1561 sempercasrbusrestis,sedobliquisinterdumefferuntur.

119 1565 264 1643 Partes
268 1562 352 1673 sy
347 1594 405 1669 eg
391 1565 473 1670 smt
487 1564 571 1646 duae
575 1565 694 1671 sunt
685 1563 927 1644 ·antecedens
942 1581 978 1643 et
993 1563 1214 1673 coeffequens.

59 1674 295 1757 Antecedens
304 1673 386 1785 syll
381 1677 508 1784 egsmi
520 1677 741 1787 persest,
724 1706 763 1756 tn
782 1706 856 1786 qua
874 1675 1018 1786 quaestio
1042 1705 1123 1755 cum
1146 1704 1215 1755 ar-

54 1805 232 1897 gumente
251 1786 466 1897 dffponitur.

120 1900 204 2010 Syll
199 1900 326 2007 ogsmi
333 1901 545 1983 antecedens
555 1917 690 2009 partes
708 1899 801 1980 duas
816 1898 925 1978 habet
927 1900 1217 2027 ,proposttionem

60 2031 99 2093 et
118 2011 415 2122 affitmptionem:
446 2043 532 2122 quae
552 2011 673 2119 vulgo
683 2011 881 2121 praemiffae
900 2013 1139 2091 nominatur.

124 2125 328 2233 Propffitio
347 2126 396 2230 est
410 2128 522 2235 prior
534 2143 630 2234 pers
648 2123 907 2218 antecedentis,
924 2152 997 2231 qua
1016 2122 1219 2234 quaestionis

47 2236 192 2344 stzltem
211 2236 421 2347 constquens
440 2268 522 2318 cum
541 2255 758 2345 argumento
776 2236 988 2345 disponitur.

123 2349 288 2442 Saltem
318 2351 412 2459 quia
438 2378 723 2458 nonnunquam
747 2367 826 2428 tota
852 2348 1010 2456 quaestio
1034 2374 1127 2425 curn
1155 2373 1217 2423 ar-

62 2479 256 2569 gumento
277 2464 317 2541 in
338 2464 600 2571 proposrtione
620 2462 852 2571 disponitur,
871 2479 915 2539 ut
933 2457 1035 2538 infra
1053 2457 1215 2569 patebit.

94 2573 343 2702 'Propofitio
362 2573 484 2682 vulgo
502 2574 621 2681 major
641 2575 808 2666 dicitur;
835 2572 895 2651 vel
916 2573 1008 2680 quia
1028 2571 1217 2677 majorem

66 2686 149 2765 vim
175 2683 295 2766 habet
320 2687 392 2790 (est
416 2689 524 2767 enim
550 2687 899 2816 argumentationis
927 2685 1032 2792 quas1
1061 2684 1156 2763 bafis
1180 2702 1219 2761 et

67 2796 388 2901 fundamentum)
411 2800 472 2879 vel
492 2801 585 2908 quia
606 2800 729 2904 major
750 2800 955 2889 terminus,
978 2799 1003 2874 i.
1027 2826 1062 2876 e.
1084 2795 1218 2875 conse-

66 2937 190 3019 quens
210 2910 462 3018 quaestionis
452 2940 491 2990 rn
512 2912 773 3021 proposrtione
793 2910 1020 2989 collocatur.

123 3020 332 3131 Affiemptie
345 3022 395 3130 est
398 3023 566 3129 ſscunda
578 3041 675 3132 pars
693 3020 950 3113 antecedentis,
970 3050 1053 3128 quae
1072 3017 1219 3128 effumi-

10 3150 135 3215 tur
153 3134 174 3213 ὲ
186 3133 438 3243 propositione

122 3245 345 3326 Assumitur
362 3251 470 3327 enim
491 3247 581 3325 inde
595 3247 656 3326 vel
677 3248 838 3326 tertium
860 3262 1140 3351 argumentum
1156 3241 1218 3320 vel

73 3374 150 3436 tota
176 3357 401 3466 assumptio,
426 3378 471 3439 ut
498 3358 598 3438 infra
624 3359 890 3469 perspicietur.
950 3357 1098 3435 Hinc
1088 3375 1220 3462 rtaque

10 3490 12 3519 ²
72 3489 349 3574 argumentum
371 3474 546 3565 tertium,
571 3470 645 3551 five
666 3473 818 3551 medius
839 3470 1044 3563 terminus,
1064 3466 1220 3574 dignos-

73 3582 186 3674 citur,
205 3581 341 3709 quod·
333 3582 391 3663 bis
411 3586 572 3693 ponitur
589 3604 677 3663 ante
697 3583 1001 3662 conclusronem.
1033 3580 1221 3710 Assump-

75 3694 128 3772 tio
146 3692 270 3799 vulgi>
288 3693 404 3775 minor
421 3695 615 3805 proposttio
635 3697 792 3788 dicitur,
823 3694 884 3773 vel
907 3695 999 3801 quia
1026 3695 1221 3771 minorem

73 3805 153 3883 vim
173 3803 340 3899 obtinet,
357 3836 408 3886 ex
426 3808 687 3936 proposrtione
708 3806 891 3886 videlicet
910 3807 1138 3897 deductam
1159 3802 1222 3880 vel

73 3918 163 4024 quia
184 3920 540 4011 minorterminus,
561 3921 588 3997 i.
611 3948 646 3998 e
668 3918 899 3998 antecedens
920 3916 1192 4026 quaestionis,
1182 3944 1222 3993 1n

73 4055 115 4107 ea
134 4027 231 4137 saepe
248 4029 403 4140 disponi
428 4030 561 4124 soleat,
591 4060 667 4110 non
694 4032 858 4138 semper,
887 4051 931 4109 ut
955 4028 1054 4109 infra
1075 4027 1222 4107 intelli·

74 4168 228 4248 gemus.

129 4252 339 4364 Syllogffmi
352 4273 475 4334 autem
487 4271 584 4362 pars
603 4253 813 4364 corfiquens
831 4254 893 4362 est,
918 4282 1001 4363 quae
1021 4250 1225 4360 complesti-

74 4382 139 4443 tur
160 4382 296 4474 partes
323 4366 539 4476 quaestionis,
566 4365 714 4476 ea'mque
742 4366 939 4446 concludet.
1003 4364 1104 4444 Unde
1132 4391 1226 4443 com·

69 4477 192 4584 plexio
210 4496 251 4559 ct
268 4478 442 4584 conclusto
461 4479 619 4559 dicitur.
