2956 4980
189 222 305 355 Cap.
333 262 375 345 7.
491 218 680 317 Plenior
706 217 955 316 Institutio,
1237 258 1315 341 ¹27

344 672 470 751 CAP.
502 671 600 750 V11.
662 671 726 751 De
745 670 946 751 Axiomate
964 670 1132 777 discreta.

356 848 491 929 Xiama
507 847 553 955 s
535 866 795 956 gregattvum
821 849 883 957 est
910 846 1017 953 cujus
1040 843 1241 950 conjunatio
1270 846 1319 955 est

369 961 635 1070 ſsagregativa.

440 1073 594 1184 Ideoque
612 1089 836 1180 argumenta
855 1069 1076 1179 dtffimtanea
1096 1071 1279 1154 enuntiat.

248 1197 266 1229 ⁰
446 1186 696 1266 Euuntiatum
716 1184 1004 1290 segregativum
1039 1187 1160 1296 esta
1123 1185 1319 1291 dscretum

158 1313 233 1377 aut
248 1293 486 1401 dtijunotum.

218 1410 280 1489 D
265 1408 449 1515 sanetum,
469 1408 576 1515 cujus
595 1407 798 1514 conjunttia
817 1407 865 1516 est
884 1406 1097 1511 dffcrettita.
1158 1407 1317 1487 Discre-

161 1538 251 1599 tum
271 1521 432 1614 dicitur,
457 1522 565 1630 quod
589 1521 864 1625 conjunfflone
888 1520 955 1599 illa
978 1520 1218 1629 segregatim
1242 1518 1319 1598 dis-

161 1653 377 1713 cernuntur
396 1654 436 1713 et
455 1633 706 1742 segregantur
731 1661 776 1710 ea
800 1633 1043 1741 potissimum
1071 1661 1156 1741 quae
1182 1633 1320 1711 leviter

164 1764 205 1824 et
222 1745 374 1825 ratione
395 1765 550 1826 tantum
570 1745 810 1825 dissentiunt

219 1860 361 1968 Itaque
374 1860 394 1938 ὲ
411 1857 681 1967 difflataneisp
684 1856 844 1964 raciput
863 1855 1011 1963 diversa
1031 1856 1213 1935 enuntiat.

222 1970 439 2081 Praciput,
452 1973 545 2078 quia
561 1970 802 2049 diversorum
819 1987 931 2060 notae,
945 1998 1013 2047 nan
1034 1968 1100 2047 hoc
1103 1967 1243 2075 ,ilsed
1225 1967 1320 2060 ll,ud

169 2100 212 2161 ut
222 2081 421 2190 superiore
437 2084 538 2163 libro
554 2083 707 2162 dietum
723 2081 824 2171 est,
814 2110 854 2159 1n
868 2081 1024 2160 diverfis
1038 2109 1322 2189 nonnunquam

170 2192 292 2273 solent
311 2197 498 2305 oppofitis
518 2195 713 2274 inservire.
774 2195 833 2273 Ut
853 2212 985 2271 autem
1007 2192 1279 2272 diversorum
1269 2212 1323 2272 1ta

171 2308 290 2386 etiam
309 2308 464 2387 discreti
484 2308 693 2387 axiomatis
719 2306 897 2385 doetrina
919 2304 1199 2384 distinoionib
1221 2304 1322 2383 dun-

172 2437 291 2513 taxat,
322 2446 401 2499 non
425 2418 755 2511 conclusionibus,
786 2418 925 2497 idonea
953 2417 1031 2510 est3
1063 2437 1102 2496 et
1121 2447 1143 2495 a
1124 2414 1323 2524 reliquis

172 2550 378 2640 propterea
397 2533 641 2625 Dialeoicis,
661 2532 732 2638 qui
752 2532 885 2609 omnia
906 2531 953 2608 ad
974 2480 1243 2637 syllogismum
1263 2558 1324 2608 re-

174 2641 318 2737 serunt,
340 2645 489 2725 omissa
550 2646 626 2723 Sed
647 2643 804 2722 rationis
825 2639 912 2721 usus
933 2645 1161 2750 quicunque
1182 2643 1221 2721 in
1244 2645 1324 2722 Lo-

174 2757 259 2861 gica
290 2759 642 2865 praetermittendus
679 2784 757 2835 non
788 2775 881 2833 erat.
950 2757 1139 2864 Exempli
1174 2757 1322 2862 gratia:

177 2865 325 2973 Tuscus.
345 2896 383 2975 ς.
402 2867 742 2979 Quanquamsttfit
762 2866 923 2976 carparis
930 2866 1166 2972 Judicentur,
1180 2865 1232 2945 ad
1241 2898 1325 2947 ant·

174 3008 268 3059 mum
282 2982 426 3088 referri
437 2999 571 3063 tamen
613 2981 737 3085 Cujus
755 2982 911 3086 negatio
927 2999 967 3058 et
982 2979 1239 3060 contradielio
1255 2979 1324 3072 est,

176 3119 240 3173 nan
260 3122 470 3202 quanquam
486 3092 766 3203 carparissbnffia
775 3090 1011 3197 judicentur,
1029 3110 1151 3171 tamen
1171 3090 1224 3170 ad
1243 3092 1327 3171 ani·

176 3232 268 3284 mum
287 3207 454 3314 referri:
475 3206 552 3299 vel,
572 3234 780 3316 quanquam
786 3203 900 3310 stnfiu
918 3205 1080 3313 carparis
1087 3202 1325 3309 Judicentnr,

178 3336 378 3397 nontamen
392 3317 446 3398 ad
453 3348 614 3398 ammum
629 3317 781 3425 referri.
820 3318 931 3396 Nam
944 3335 1064 3396 tamen
1078 3317 1133 3395 est
1153 3314 1218 3395 hle
1232 3345 1328 3396 con-

174 3426 322 3532 junstio
347 3431 555 3540 praecipua.
607 3429 974 3558 'Qemadmodum
997 3449 1129 3508 autem
1156 3429 1330 3537 copulati

180 3561 214 3620 et
231 3544 403 3621 connexi
427 3543 635 3622 axiomatis
664 3544 821 3647 negatio
844 3560 884 3619 et
906 3542 1162 3621 contradielio
1186 3541 1328 3620 discre-

181 3672 261 3732 tum
281 3653 357 3733 effe
371 3655 511 3765 potest,
529 3657 583 3733 ita
595 3654 759 3732 viciffim
780 3653 1010 3760 copulatum
1025 3653 1087 3731 vel
1103 3681 1329 3732 connexum

179 3765 353 3846 discreti:
386 3789 443 3862 ut,
464 3795 672 3877 quanquam
692 3768 803 3874 culpa
821 3784 952 3859 vacat,
978 3796 1046 3844 non
1066 3784 1188 3845 tamen
1200 3766 1328 3874 suspi-

179 3879 273 3958 ciant
292 3899 426 3959 caret:
457 3880 567 3985 cujus
588 3907 657 3986 per
677 3878 907 3986 copulatum
927 3878 1183 3958 contradictio
1204 3880 1273 3972 est,
1294 3897 1331 3957 et

179 3990 286 4099 culpa
305 4009 437 4085 vacat,
450 4008 488 4070 et
493 3990 698 4098 staspiciane
717 4009 849 4080 caret,·
876 3990 938 4068 vel
959 4019 1027 4099 per
1047 4018 1288 4083 connexum,
1289 3992 1334 4097 ſs

179 4104 287 4211 culpa
305 4122 436 4197 vacat,
457 4101 778 4210 etiamsttspiciane
797 4120 915 4181 caret.

231 4216 451 4324 Discretum
470 4216 700 4296 enuntiatum
718 4214 922 4319 judicatur
941 4214 1005 4324 effe
1023 4243 1154 4293 verum
1178 4231 1215 4292 et
1239 4214 1330 4318 legi-

176 4328 320 4421 timum,
336 4328 381 4434 ſs
399 4345 533 4437 partes
560 4357 629 4406 non
645 4325 766 4433 salum
795 4355 913 4420 vera,
929 4327 1136 4433 sedetiam
1165 4324 1332 4429 dffcreta

162 4442 246 4546 ſsnt
260 4472 274 4533 ‚·
290 4439 439 4547 fhffuu
457 4441 525 4521 vel
539 4439 736 4519 ridiculum
756 4457 900 4518 contra.

233 4554 311 4647 Ut,
324 4582 535 4663 quanquam
547 4550 701 4658 Ulyffes
707 4550 896 4658 formosus
911 4569 1009 4642 erat,
1023 4567 1144 4629 tamen
1163 4576 1232 4628 nan
1251 4567 1338 4628 erat
