2956 4980
285 105 449 202 Literae
474 102 668 202 Oliverii
694 107 984 202 Protectoris.
1137 120 1217 230 287

47 278 318 385 Majestatem
338 280 520 360 Vestram
541 280 663 360 literis
683 280 898 361 dimittere.
957 281 1079 387 Qod
1102 309 1150 362 eo
1170 283 1219 361 li-

46 387 222 472 bentiirs
247 391 429 486 fecimus,
451 393 703 501 posteaquam
725 393 984 501 significatum
1010 394 1122 473 nobis
1148 395 1218 491 est,

29 504 302 614 jampridem
320 534 430 599 eum,
447 505 664 610 Majestatis
677 506 823 585 Vestrae
838 505 1007 614 auspicia
1024 505 1216 602 secutum,

46 617 203 697 multis
219 619 262 696 in
283 617 423 726 praeliis
438 618 560 697 vestra
578 618 692 698 causi
705 616 820 697 suum
832 616 1060 724 sanguinem
1078 618 1218 728 profu-

47 728 186 808 disse:
208 731 306 809 adeo
323 748 367 809 ut
381 732 578 810 Suecorum
595 733 727 837 Reges
743 730 917 839 proximi
931 731 982 810 ob
1003 730 1217 811 militarem

46 840 148 946 ejus
168 842 368 951 peritiam,
384 869 625 951 operamque
642 842 737 950 saepe
754 844 793 921 in
810 842 914 923 bello
928 842 1079 922 strenui
1099 871 1217 924 nava-

49 973 164 1047 tam,
192 982 286 1034 eum
311 981 406 1061 agro
430 972 470 1033 et
493 957 631 1035 annuis
657 955 904 1063 pensionibus
923 956 1045 1034 veluti
1064 957 1217 1036 virtutis

50 1065 229 1174 praemio
242 1067 587 1147 remuneraverint.
614 1068 766 1175 ‘Neque
779 1065 871 1146 vero
883 1067 1109 1149 dubitamus
1121 1070 1218 1177 quin

52 1177 269 1284 Majestati
287 1178 420 1259 vestrae
439 1180 479 1257 in
496 1176 694 1259 hodiernis
714 1178 827 1258 bellis
843 1207 1060 1289 permagno
1075 1181 1120 1260 fit
1134 1180 1218 1261 usui

53 1286 239 1384 futurus,
271 1319 365 1370 cum
389 1290 434 1372 fit
464 1289 541 1370 fide
570 1319 614 1371 ac
641 1291 871 1370 bellicarum
900 1320 1033 1371 rerum
1059 1292 1218 1373 scientia

41 1401 216 1507 jamdiu
233 1402 414 1512 spectata.
474 1406 582 1483 Eum
602 1404 734 1511 itaque
754 1403 952 1509 Majestati
967 1403 1126 1497 Vestrae,
1146 1433 1218 1513 pro

54 1543 112 1594 eo
133 1543 181 1597 ac
196 1518 359 1596 meritus
372 1514 441 1609 est,
456 1516 780 1595 commendatum
795 1517 979 1625 cupimus
992 1545 1002 1607 ;
1025 1515 1218 1624 srmulque

55 1653 268 1734 rogamus,
294 1647 339 1708 ut
357 1656 443 1736 quae
463 1628 521 1707 illi
541 1629 729 1737 praeterita
750 1628 939 1738 stipendia
955 1628 1218 1736 processerint,

55 1739 276 1819 solvantur.
335 1741 430 1819 Hoc
450 1740 561 1820 nobis
582 1741 655 1819 erit
675 1741 958 1847 gratiffimum;
978 1768 1050 1819 nec
1070 1739 1221 1847 gratifi-

57 1853 148 1932 cari
176 1852 342 1932 vicissim
362 1851 561 1957 Majestati
580 1852 741 1945 Vestrae,
760 1854 914 1961 quoties
939 1851 1102 1933 facultas
1133 1855 1221 1948 erit,

57 1964 335 2073 gravabimur,
349 1967 413 2044 cui
427 1964 548 2044 fausta
563 1965 697 2043 omnia
713 1992 758 2043 ac
777 1965 958 2075 prospera
972 1986 1219 2075 exoptamus.

154 2079 220 2157 Ex
241 2077 394 2158 Palatio
413 2076 529 2186 nostro
550 2079 606 2156 W
601 2076 865 2185 essmonasterii.

238 2190 316 2269 Die
339 2188 469 2269 ottob.
528 2192 610 2268 An.
635 2189 753 2295 1656.

368 2300 585 2406 Majestatis
606 2301 736 2379 vestrae
757 2300 1057 2381 Studiofiffimus

412 2413 603 2493 Oliverius
616 2414 819 2493 Protestor
831 2415 950 2524 Reip.
960 2415 1129 2522 Angliae,
1145 2435 1219 2496 etc.

113 2799 314 2878 Oliverius
337 2801 535 2881 Proteiior
555 2800 663 2910 Reip.
680 2801 850 2908 Angliae,
870 2820 942 2882 etc.
965 2800 1184 2908 Serenffmo

209 2911 388 3021 Principi
402 2913 548 3017 Joanni
569 2914 780 3019 Lusttaniae
800 2915 910 3020 Regi.
969 2915 1008 2992 S.
1032 2915 1087 2992 D.

73 3083 317 3165 Sereniffime
339 3087 443 3179 Rex,
465 3087 609 3165 Amice
630 3104 669 3166 et
685 3087 888 3168 Foederate

354 3194 602 3291 Chariffime,

165 3315 337 3398 Xhibuit
358 3320 469 3400 nobis
489 3321 670 3400 libellum
691 3322 908 3432 supplicem
928 3323 1225 3408 Thomaszans

193 3432 423 3526 Nauclerus,
444 3434 539 3513 civis
559 3434 701 3526 noster,
722 3435 763 3513 in
783 3463 863 3542 quo
883 3437 1064 3532 ostendit,
1090 3438 1126 3519 se
1142 3443 1222 3520 An.

81 3543 200 3646 1649.
227 3561 267 3622 et
292 3545 339 3623 16
345 3571 411 3650 50.
441 3573 534 3623 cum
560 3547 649 3624 navi
678 3545 756 3640 sua,
785 3549 849 3626 cui
879 3575 1023 3628 nornen
1049 3553 1224 3662 Scipioni,

74 3654 448 3762 quadringentarum
472 3655 768 3766 amphorarum,
794 3678 834 3740 et
859 3662 925 3738 cui
952 3661 1030 3770 ipse
1056 3662 1223 3771 praefuit,

75 3767 248 3846 societati
264 3769 479 3874 Brastlietfi
488 3798 650 3879 operam
671 3771 842 3865 navasse3
865 3800 951 3851 eam
972 3801 1112 3853 navem
1131 3805 1224 3857 cum

72 3906 191 3958 onere
216 3897 300 3959 toto
321 3899 363 3960 et
385 3903 587 3991 apparatu,
601 3882 815 3988 Majestatis
828 3885 974 3964 Vestrae
991 3885 1095 3991 juffu
1112 3916 1225 4000 erep-

77 4008 159 4070 tam
179 3991 249 4071 srbi
274 3992 371 4073 esse:
403 3994 506 4073 unde
526 3995 717 4074 damnum
734 3995 888 4075 homini
909 3996 1072 4092 fastum,
1089 4022 1228 4109 praeter

76 4102 260 4182 amissum
278 4132 329 4184 ex
346 4123 451 4185 tanta
466 4106 564 4186 sorte
585 4107 758 4188 sexennii
772 4109 943 4203 lucrum,
961 4111 1228 4194 Commissarii

76 4244 127 4295 ex
148 4214 296 4296 foedere
316 4218 363 4296 ad
383 4218 615 4300 decidendas
639 4221 913 4301 controversias
940 4225 1123 4332 utrinque
1147 4226 1227 4306 dati

76 4329 167 4438 plus
201 4327 350 4438 septem
381 4331 558 4411 millibus
590 4332 776 4413 librarum
809 4335 1041 4430 nostrarum,
1071 4338 1146 4417 five
1170 4340 1231 4420 bis
