2956 4980
165 242 219 357 58
572 236 699 329 Artis
724 236 910 366 Logicae
1107 232 1219 333 Lib.
1246 276 1283 331 r.

163 405 261 517 quid
275 434 354 486 eum
373 404 521 512 defrudo
539 433 643 515 quem
667 424 713 486 tu
729 405 897 512 accusas,
916 434 988 487 cur
1006 404 1080 487 tibi
1092 434 1234 517 quoquc
1251 407 1320 515 ipst

162 518 444 625 nonstecceusto,
464 518 532 628 qui
547 518 692 625 accuses
709 546 789 597 eum
808 548 911 628 quem
928 547 994 626 ego
1009 516 1198 627 dejiudo?
1236 519 1316 598 Ini-

164 632 311 725 micum,
339 630 471 740 inquis,
498 629 625 735 accuso
646 658 788 709 meum:
816 649 856 711 et
880 631 1053 725 amicum,
1073 632 1240 742 inquam,
1259 660 1319 738 ego

163 742 311 852 defendo
329 771 458 823 meum.
519 743 583 820 Sic
602 768 640 847 ς.
657 738 765 848 Tufc.
781 742 879 852 quod
892 741 975 824 cum
979 746 1210 849 fateantur,
1216 741 1317 850 satis

162 884 334 963 maguam
353 855 431 934 vim
449 854 514 963 effe
530 854 567 934 in
582 854 688 934 vitiis
700 854 753 933 ad
766 853 932 960 miseram
951 858 1100 949 vitam,·
1120 854 1316 962 nounesa-

163 967 310 1047 tendum
323 966 371 1075 est
384 965 530 1046 eandem
546 965 622 1046 vim
637 966 675 1045 iu
690 966 837 1046 virtute
851 965 917 1076 effe
927 966 983 1047 ad
995 966 1144 1047 beatam
1159 965 1313 1049 vitam?

166 1078 372 1159 Contraria
390 1077 482 1157 enim
502 1078 774 1158 contrariorum
778 1079 877 1185 stent
895 1078 1160 1190 consequentia.

223 1197 324 1300 Qae
350 1210 480 1268 tamen
509 1191 644 1296 regula
670 1191 829 1270 nonest
856 1210 1047 1300 perpetuo
1067 1218 1161 1271 vera
1184 1189 1316 1301 primi>

164 1303 234 1382 nifi
254 1302 411 1381 collatio
429 1301 474 1381 fit
487 1301 577 1380 vere
598 1302 779 1409 parium:
811 1330 889 1382 non
904 1330 1000 1410 ergo
1014 1303 1206 1411 sequitur,
1218 1303 1316 1383 mala

163 1431 272 1523 opera
288 1412 494 1504 damnant;
524 1442 610 1520 ergo
627 1413 720 1494 bona
737 1411 963 1522 justficaut.
994 1416 1108 1496 Maia
1136 1442 1176 1493 n.
1198 1442 1317 1525 opera

164 1528 328 1605 omnino
343 1527 461 1620 mala,
473 1525 575 1605 bona
590 1523 821 1635 imperfecte
841 1526 942 1607 bona
957 1526 1068 1623 sunt3
1089 1526 1160 1606 ilia
1174 1528 1314 1621 nostra,

164 1636 245 1717 haec
265 1666 343 1716 non
363 1639 477 1747 plane
497 1637 641 1716 nostra.
702 1636 878 1732 Secundo,
900 1638 964 1718 sed
991 1640 1033 1719 in
1059 1640 1107 1719 iis
1126 1638 1316 1720 duntaxat

163 1748 337 1858 paribus,
349 1749 636 1829 contrariorum
648 1776 699 1829 ex
713 1750 802 1830 loco
818 1752 962 1858 petitis,
974 1778 1148 1860 quorum
1161 1752 1315 1860 parium

163 1862 375 1969 propofitio
395 1862 671 1969 reciprocatur.
733 1861 854 1975 Qud
875 1862 917 1940 in
936 1862 1067 1943 relatis
1086 1864 1256 1972 quidem
1274 1862 1316 1943 fit

165 1970 497 2080 frequentiffime:
529 1991 575 2052 ut
593 1974 699 2082 apud
719 1975 958 2054 Martialem.

281 2133 370 2212 Tum
373 2133 533 2235 strvum
539 2133 620 2240 stis
638 2153 675 2215 te
689 2134 871 2243 genitum,
891 2136 1090 2248 blandique
1092 2138 1261 2245 fateris,

334 2243 428 2324 Cum
448 2244 539 2326 dicis
557 2246 750 2342 domiuum,
772 2248 966 2354 Soſsbiam,
979 2258 1145 2359 patrem.

220 2424 336 2500 Pater
355 2423 411 2502 est
431 2422 503 2501 filii
524 2423 723 2518 dominus,
743 2441 783 2502 et
802 2422 875 2503 filii
895 2426 1081 2507 dominus
1100 2428 1159 2507 est
1178 2450 1313 2537 pater:

162 2535 305 2640 pariter
323 2560 417 2640 ergo
434 2533 536 2614 filius
556 2535 611 2614 est
630 2537 749 2643 patris
769 2534 910 2616 servus.
970 2541 1035 2618 Sic
1053 2566 1105 2619 ex
1124 2541 1315 2622 adverus:

160 2644 289 2724 bonum
308 2645 356 2751 est
374 2645 639 2753 appetendum
663 2647 815 2755 pariter
832 2678 919 2756 ergo
935 2652 1072 2731 malum
1090 2651 1141 2759 est
1151 2653 1315 2761 fugien-

160 2756 258 2837 dum.
304 2756 465 2865 Nempe
480 2759 572 2865 quia
593 2757 750 2868 proprie
769 2760 946 2869 ade6que
965 2762 1182 2872 reciproce,
1196 2794 1315 2845 omne

161 2869 427 3060 appptppdum
447 2870 502 2949 est
527 2872 691 2951 bonum.
750 2872 805 2951 Et
823 2901 874 2953 ex
893 2874 1162 2984 privantibus:
1197 2877 1314 2959 ovid.

169 3009 201 3062 1.
259 3010 280 3060 a
318 3041 327 3059 .

273 3146 321 3222 Iu
335 3144 457 3251 pretio
469 3145 635 3253 pretium
652 3175 750 3226 nunc
768 3147 830 3255 est,
848 3145 915 3227 dat
934 3146 1058 3255 cerostos
1076 3148 1245 3245 honores,

332 3255 467 3361 Ceofics
484 3257 693 3338 amicitias:
717 3276 866 3368 pauper
884 3258 1014 3369 ubique
1020 3258 1146 3365 jacet.

219 3432 342 3509 Dives
369 3430 483 3509 estin
513 3433 650 3541 pretio,
672 3454 712 3512 et
737 3432 912 3541 quisquis
939 3434 995 3513 est
1023 3434 1065 3513 in
1092 3435 1241 3543 pretiO,
1262 3437 1315 3518 est

162 3544 293 3637 dives3
325 3570 419 3650 ergo
439 3546 566 3624 omnis
587 3573 735 3653 pauper
748 3546 866 3651 jacet.

216 3655 365 3761 Quoties
382 3677 505 3734 autem
524 3657 726 3736 collationis
739 3656 931 3766 propofitio
948 3686 1017 3737 non
1037 3657 1311 3766 reciprocatur,

161 3767 227 3846 vel
240 3768 376 3876 quoties
394 3768 462 3847 uui
471 3769 623 3875 parium
639 3768 680 3848 id
694 3770 799 3878 quast
807 3768 1003 3879 proprium
1017 3768 1208 3849 tribuitur
1221 3770 1317 3881 quod

159 3878 322 3987 utrffque
340 3907 521 3959 commune
538 3880 600 3989 est,
620 3909 741 3960 eorum
761 3879 1009 3990 ooofiquentia
1027 3882 1225 3961 contraria
1242 3911 1311 3963 nou

145 3990 444 4099 fieut,stdsaepe
462 3990 595 4071 eadem.
638 3993 757 4072 Fallit
775 4021 870 4100 ergo
891 3990 967 4072 hoc
986 4021 1036 4072 ex
1056 3993 1210 4073 relatis:
1236 4012 1311 4103 po·

159 4123 219 4183 ter
246 4102 444 4208 estdives,·
473 4130 559 4210 ergo
571 4104 682 4210 filius
704 4104 752 4212 est
772 4122 945 4213 pauper:
974 4105 1067 4213 quia
1094 4107 1309 4215 propofitio

158 4243 236 4295 non
256 4213 312 4292 est
332 4215 551 4323 reciproca;
583 4218 711 4296 omnis
737 4219 845 4296 enim
871 4217 979 4296 dives
1007 4244 1085 4296 non
1105 4215 1163 4296 est
1182 4238 1307 4326 pater.

159 4332 212 4408 Et
233 4325 308 4406 hoc
335 4327 453 4405 etiam
480 4356 530 4405 ex
557 4329 744 4409 adverfis:
775 4330 873 4409 homo
891 4329 940 4437 est
954 4326 1066 4436 βψ
1089 4328 1307 4437 praditus3

156 4440 266 4547 bestia
281 4438 403 4546 igitur
407 4436 519 4544 suffic
533 4459 651 4520 caret.
712 4444 829 4521 Homo
843 4440 1034 4532 mortalis,·
1062 4440 1174 4550 bestia
1187 4441 1310 4550 igitur
