1008 1431
159 350 257 383 Artis
272 349 410 394 Logicae
424 349 553 382 Plenior
567 348 740 388 Institutio,
783 381 785 383 .

233 405 270 434 ad
287 405 375 435 Petri
386 405 476 434 Rami
492 404 673 443 Methodum

362 457 544 480 concinnata.

177 516 279 550 Adjecta
287 515 321 540 est
328 516 407 540 Praxis
417 515 543 549 Analytica
552 522 576 540 et
587 516 656 540 Petri
662 516 733 540 Rami

336 560 389 580 Vita.
414 560 480 580 Libris
489 560 572 579 duobus.

374 622 539 655 PRAEFATIO.

170 669 203 701 εν
212 669 215 673 ’
234 668 265 698 ἒξ
271 666 379 692 Uanquarn
386 664 553 692 Philosophorum
561 664 627 688 multi,
635 664 702 692 suopte
713 665 743 685 in-

170 713 174 718 ,
257 697 263 703 ³
285 694 344 720 genio
357 692 409 716 freti,
423 692 558 720 contempfiffe
571 698 634 712 artem
646 693 743 720 Logicam

171 732 200 756 k
239 725 265 751 l)
285 721 385 744 dicuntur.
400 727 469 741 eorum
485 726 550 741 tamen
566 721 600 747 qui
611 721 642 740 vel
657 721 700 745 fibi,
712 722 743 741 vel

188 744 214 763 ἶ*
238 750 251 756 N
285 749 328 769 aliis
335 754 415 776 propter
422 749 524 775 ingenium
531 748 669 775 autjudicium
675 754 743 769 natura

165 777 232 796 minus
242 784 285 797 acre
295 784 317 797 ac
328 777 430 804 perspicax
440 776 561 796 utiliffimam
569 776 606 796 effe
614 777 688 804 fibique
698 777 743 797 dili·-

164 809 235 831 genter
244 805 372 824 excolendam
379 805 499 831 judicarunt,
510 805 586 832 optime
596 804 624 824 est
633 804 657 824 de
667 812 689 824 ea
700 812 743 825 me-

164 833 222 855 ritus,
230 837 251 852 ut
261 839 299 859 ego
306 833 388 859 quidem
394 839 442 852 cum
448 832 519 852 Sidneio
526 833 590 852 nostro
596 832 664 856 semio,
672 833 744 853 Petrus

165 860 245 880 Ramus.
275 861 347 880 Caeteri
362 860 402 880 fere
419 860 507 887 Physica,
526 860 604 883 Ethica,
619 859 743 887 Theologica

165 888 254 914 Logicis,
260 888 357 908 effrenata
364 889 449 915 quadam
458 888 544 911 licentia,
552 888 683 908 confundunt.
705 889 742 909 Sed

165 916 240 935 Noster
249 916 298 936 dum
308 916 424 936 brevitatem
437 916 518 936 sectatus
531 916 559 936 est
573 916 631 936 nimis
645 916 742 943 religiose,

164 951 205 963 non
215 944 272 971 plane
282 944 329 967 luci,
340 944 371 964 sed
382 944 467 964 ubertati
477 949 543 964 tamen
553 944 610 967 lucis,
620 951 663 971 quae
673 945 693 964 in
703 949 742 965 tra-

163 972 228 992 denda
236 976 285 995 arte,
293 979 332 991 non
339 979 404 999 parca,
411 972 441 992 sed
451 972 508 999 plena
516 977 536 992 et
544 972 621 999 copiosa
629 972 666 991 effe
676 972 741 996 debet,

164 999 243 1020 videtur
256 999 350 1020 defuisse:
368 1000 387 1020 id
400 1000 453 1027 quod
467 1005 496 1020 tot
509 1000 529 1019 in
543 1007 589 1020 eum
604 1000 673 1027 scripta
686 1007 742 1020 com-

165 1028 261 1048 mentaria
275 1028 375 1048 testantur.
412 1029 474 1048 Satius
490 1029 556 1055 itaque
572 1028 615 1048 sum
630 1028 741 1052 arbitratus,

163 1062 207 1082 quae
217 1056 241 1075 ad
251 1061 347 1083 praecepta
356 1056 402 1075 artis
415 1056 492 1083 plenius
502 1056 638 1083 intelligenda,
648 1063 673 1075 ex
683 1056 742 1083 ipsius

164 1083 224 1103 Rami
235 1083 312 1103 scholiis
326 1084 440 1104 Dialesticis
456 1084 579 1110 aliorumque
595 1085 742 1104 commentariis

163 1111 268 1131 neceffario
278 1112 362 1139 petenda
370 1111 420 1135 sunt,
428 1118 450 1131 ea
460 1112 480 1131 in
491 1112 555 1139 ipsum
565 1118 636 1139 corpus
645 1113 699 1135 artis,
707 1112 741 1132 nifi

164 1139 224 1159 ficubi
231 1139 328 1163 diffentio,
334 1139 436 1159 transferre
442 1144 501 1166 atque
508 1140 602 1159 intexere.
625 1140 680 1167 Qd
687 1140 741 1160 enim

164 1167 258 1187 brevitate
272 1167 418 1195 consequimur,
432 1167 445 1187 fi
459 1167 494 1187 lux
509 1167 588 1187 aliunde
602 1167 630 1187 est
644 1168 741 1194 petenda?

165 1195 244 1215 Praestat
254 1202 293 1215 una
303 1195 490 1223 opermihnozsimul-
499 1196 519 1215 iq
530 1196 574 1215 icco
584 1200 647 1215 artem
657 1195 743 1222 longius-

194 1229 205 1249 5
451 1230 463 1243 B
