<?xml version="1.0" encoding="UTF-8"?>
<!DOCTYPE html PUBLIC "-//W3C//DTD XHTML 1.0 Transitional//EN"
    "http://www.w3.org/TR/xhtml1/DTD/xhtml1-transitional.dtd">
<html xmlns="http://www.w3.org/1999/xhtml" xml:lang="en" lang="en">
 <head>
  <title>
</title>
<meta http-equiv="Content-Type" content="text/html;charset=utf-8" />
  <meta name='ocr-system' content='tesseract 3.04.00' />
  <meta name='ocr-capabilities' content='ocr_page ocr_carea ocr_par ocr_line ocrx_word'/>
</head>
<body>
  <div class='ocr_page' id='page_1' title='image "./worksjohnmilton06miltgoog_0032.png"; bbox 0 0 2956 4980; ppageno 0'>
   <div class='ocr_carea' id='block_1_1' title="bbox 175 254 1294 390">
    <p class='ocr_par' dir='ltr' id='par_1_1' title="bbox 175 254 1294 390">
     <span class='ocr_line' id='line_1_1' title="bbox 175 254 1294 390; baseline -0.003 -37"><span class='ocrx_word' id='word_1_1' title='bbox 175 257 292 390; x_wconf 88' lang='lat' dir='ltr'>Cap.</span> <span class='ocrx_word' id='word_1_2' title='bbox 322 300 363 382; x_wconf 77' lang='grc' dir='ltr'>ς.</span> <span class='ocrx_word' id='word_1_3' title='bbox 474 255 662 354; x_wconf 88' lang='lat' dir='ltr'>Plenior</span> <span class='ocrx_word' id='word_1_4' title='bbox 686 254 935 353; x_wconf 75' lang='lat' dir='ltr'>Institutio,</span> <span class='ocrx_word' id='word_1_5' title='bbox 1247 279 1294 361; x_wconf 88' lang='lat'>17</span> 
     </span>
    </p>
   </div>
   <div class='ocr_carea' id='block_1_2' title="bbox 140 431 1341 3457">
    <p class='ocr_par' dir='ltr' id='par_1_2' title="bbox 140 431 1341 3121">
     <span class='ocr_line' id='line_1_2' title="bbox 196 431 1294 544; baseline 0.003 -32"><span class='ocrx_word' id='word_1_6' title='bbox 196 432 372 513; x_wconf 83' lang='lat' dir='ltr'>Fortuna</span> <span class='ocrx_word' id='word_1_7' title='bbox 375 433 465 539; x_wconf 79' lang='lat' dir='ltr'>stoc</span> <span class='ocrx_word' id='word_1_8' title='bbox 468 433 638 540; x_wconf 76' lang='lat' dir='ltr'>fortuito</span> <span class='ocrx_word' id='word_1_9' title='bbox 643 435 700 537; x_wconf 85' lang='lat' dir='ltr'>fit</span> <span class='ocrx_word' id='word_1_10' title='bbox 718 432 873 542; x_wconf 85' lang='lat' dir='ltr'>aliquid,</span> <span class='ocrx_word' id='word_1_11' title='bbox 894 431 976 512; x_wconf 73' lang='lat' dir='ltr'>cum</span> <span class='ocrx_word' id='word_1_12' title='bbox 988 434 1294 544; x_wconf 84' lang='lat' dir='ltr'>praeterscopum</span> 
     </span>
     <span class='ocr_line' id='line_1_3' title="bbox 140 542 1293 652; baseline 0.001 -27"><span class='ocrx_word' id='word_1_13' title='bbox 140 542 328 652; x_wconf 59' lang='lat' dir='ltr'>efficienda</span> <span class='ocrx_word' id='word_1_14' title='bbox 344 545 497 626; x_wconf 86' lang='lat' dir='ltr'>accidit.</span> <span class='ocrx_word' id='word_1_15' title='bbox 558 547 654 625; x_wconf 94' lang='lat' dir='ltr'>Non</span> <span class='ocrx_word' id='word_1_16' title='bbox 682 547 791 623; x_wconf 92' lang='lat' dir='ltr'>enim</span> <span class='ocrx_word' id='word_1_17' title='bbox 821 544 992 641; x_wconf 87' lang='lat' dir='ltr'>fortuna,</span> <span class='ocrx_word' id='word_1_18' title='bbox 1019 546 1082 624; x_wconf 90' lang='lat' dir='ltr'>sed</span> <span class='ocrx_word' id='word_1_19' title='bbox 1107 547 1293 640; x_wconf 91' lang='lat' dir='ltr'>efficiens,</span> 
     </span>
     <span class='ocr_line' id='line_1_4' title="bbox 140 656 1293 767; baseline 0.002 -32"><span class='ocrx_word' id='word_1_20' title='bbox 140 683 228 763; x_wconf 84' lang='lat' dir='ltr'>quae</span> <span class='ocrx_word' id='word_1_21' title='bbox 242 685 323 767; x_wconf 90' lang='lat' dir='ltr'>per</span> <span class='ocrx_word' id='word_1_22' title='bbox 328 658 528 738; x_wconf 86' lang='lat' dir='ltr'>fortunam</span> <span class='ocrx_word' id='word_1_23' title='bbox 545 657 621 736; x_wconf 92' lang='lat' dir='ltr'>five</span> <span class='ocrx_word' id='word_1_24' title='bbox 641 656 806 737; x_wconf 76' lang='lat' dir='ltr'>fortuito</span> <span class='ocrx_word' id='word_1_25' title='bbox 822 659 918 764; x_wconf 87' lang='lat' dir='ltr'>agit,</span> <span class='ocrx_word' id='word_1_26' title='bbox 932 658 987 737; x_wconf 88' lang='lat' dir='ltr'>est</span> <span class='ocrx_word' id='word_1_27' title='bbox 1005 657 1162 767; x_wconf 70' lang='lat' dir='ltr'>proprie</span> <span class='ocrx_word' id='word_1_28' title='bbox 1182 660 1293 738; x_wconf 89' lang='lat' dir='ltr'>causa</span> 
     </span>
     <span class='ocr_line' id='line_1_5' title="bbox 140 768 1293 879; baseline 0.002 -32"><span class='ocrx_word' id='word_1_29' title='bbox 140 797 212 877; x_wconf 89' lang='lat' dir='ltr'>per</span> <span class='ocrx_word' id='word_1_30' title='bbox 243 770 423 850; x_wconf 89' lang='lat' dir='ltr'>accidens</span> <span class='ocrx_word' id='word_1_31' title='bbox 453 797 586 849; x_wconf 88' lang='lat' dir='ltr'>rerum</span> <span class='ocrx_word' id='word_1_32' title='bbox 620 768 898 849; x_wconf 88' lang='lat' dir='ltr'>fortuitarum:</span> <span class='ocrx_word' id='word_1_33' title='bbox 936 768 983 848; x_wconf 78' lang='grc' dir='ltr'>εὸ</span> <span class='ocrx_word' id='word_1_34' title='bbox 1017 768 1125 879; x_wconf 76' lang='lat' dir='ltr'>quod</span> <span class='ocrx_word' id='word_1_35' title='bbox 1158 799 1293 851; x_wconf 89' lang='lat' dir='ltr'>earum</span> 
     </span>
     <span class='ocr_line' id='line_1_6' title="bbox 140 880 1341 991; baseline 0.002 -32"><span class='ocrx_word' id='word_1_36' title='bbox 140 881 398 991; x_wconf 87' lang='lat' dir='ltr'>principium,</span> <span class='ocrx_word' id='word_1_37' title='bbox 419 881 632 962; x_wconf 90' lang='lat' dir='ltr'>occulta</span> <span class='ocrx_word' id='word_1_38' title='bbox 593 883 784 960; x_wconf 81' lang='lat' dir='ltr'>ntmirum</span> <span class='ocrx_word' id='word_1_39' title='bbox 806 880 873 960; x_wconf 88' lang='lat' dir='ltr'>illa</span> <span class='ocrx_word' id='word_1_40' title='bbox 891 881 1002 961; x_wconf 86' lang='lat' dir='ltr'>causa</span> <span class='ocrx_word' id='word_1_41' title='bbox 1023 910 1143 990; x_wconf 88' lang='lat' dir='ltr'>quarn</span> <span class='ocrx_word' id='word_1_42' title='bbox 1153 883 1293 990; x_wconf 88' lang='lat' dir='ltr'>fortu-</span> <span class='ocrx_word' id='word_1_43' title='bbox 1336 945 1341 951; x_wconf 87' lang='lat'>.</span> 
     </span>
     <span class='ocr_line' id='line_1_7' title="bbox 140 993 1293 1088; baseline 0.002 -16"><span class='ocrx_word' id='word_1_44' title='bbox 140 1021 227 1073; x_wconf 86' lang='lat' dir='ltr'>nam</span> <span class='ocrx_word' id='word_1_45' title='bbox 250 995 436 1088; x_wconf 88' lang='lat' dir='ltr'>dicimus,</span> <span class='ocrx_word' id='word_1_46' title='bbox 468 1013 579 1072; x_wconf 85' lang='lat' dir='ltr'>extra</span> <span class='ocrx_word' id='word_1_47' title='bbox 610 993 721 1072; x_wconf 90' lang='lat' dir='ltr'>illam</span> <span class='ocrx_word' id='word_1_48' title='bbox 757 994 994 1073; x_wconf 87' lang='lat' dir='ltr'>efficientem</span> <span class='ocrx_word' id='word_1_49' title='bbox 1024 995 1104 1074; x_wconf 91' lang='lat' dir='ltr'>est·</span> <span class='ocrx_word' id='word_1_50' title='bbox 1137 993 1293 1074; x_wconf 90' lang='lat' dir='ltr'>fortuna</span> 
     </span>
     <span class='ocr_line' id='line_1_8' title="bbox 140 1106 1293 1215; baseline 0.003 -32"><span class='ocrx_word' id='word_1_51' title='bbox 140 1124 275 1185; x_wconf 85' lang='lat' dir='ltr'>autem</span> <span class='ocrx_word' id='word_1_52' title='bbox 299 1107 353 1186; x_wconf 91' lang='lat' dir='ltr'>est</span> <span class='ocrx_word' id='word_1_53' title='bbox 376 1125 592 1186; x_wconf 90' lang='lat' dir='ltr'>eventuum</span> <span class='ocrx_word' id='word_1_54' title='bbox 615 1132 754 1184; x_wconf 90' lang='lat' dir='ltr'>eorum</span> <span class='ocrx_word' id='word_1_55' title='bbox 781 1106 1038 1215; x_wconf 87' lang='lat' dir='ltr'>principium,</span> <span class='ocrx_word' id='word_1_56' title='bbox 1064 1106 1132 1185; x_wconf 90' lang='lat' dir='ltr'>etfi</span> <span class='ocrx_word' id='word_1_57' title='bbox 1159 1107 1293 1186; x_wconf 90' lang='lat' dir='ltr'>occul-</span> 
     </span>
     <span class='ocr_line' id='line_1_9' title="bbox 140 1217 1294 1328; baseline 0.002 -32"><span class='ocrx_word' id='word_1_58' title='bbox 140 1237 243 1313; x_wconf 77' lang='lat' dir='ltr'>turn,-</span> <span class='ocrx_word' id='word_1_59' title='bbox 264 1245 342 1297; x_wconf 92' lang='lat' dir='ltr'>non</span> <span class='ocrx_word' id='word_1_60' title='bbox 369 1247 439 1328; x_wconf 90' lang='lat' dir='ltr'>per</span> <span class='ocrx_word' id='word_1_61' title='bbox 465 1218 642 1297; x_wconf 86' lang='lat' dir='ltr'>accidens</span> <span class='ocrx_word' id='word_1_62' title='bbox 664 1238 808 1311; x_wconf 88' lang='lat' dir='ltr'>tamen,</span> <span class='ocrx_word' id='word_1_63' title='bbox 834 1217 898 1296; x_wconf 88' lang='lat' dir='ltr'>sed</span> <span class='ocrx_word' id='word_1_64' title='bbox 917 1246 987 1326; x_wconf 91' lang='lat' dir='ltr'>per</span> <span class='ocrx_word' id='word_1_65' title='bbox 1007 1219 1057 1297; x_wconf 90' lang='lat' dir='ltr'>se.</span> <span class='ocrx_word' id='word_1_66' title='bbox 1118 1219 1294 1299; x_wconf 84' lang='lat' dir='ltr'>Fortuna</span> 
     </span>
     <span class='ocr_line' id='line_1_10' title="bbox 140 1329 1292 1440; baseline 0.001 -31"><span class='ocrx_word' id='word_1_67' title='bbox 140 1332 273 1438; x_wconf 88' lang='lat' dir='ltr'>itaque</span> <span class='ocrx_word' id='word_1_68' title='bbox 293 1331 398 1440; x_wconf 90' lang='lat' dir='ltr'>apud</span> <span class='ocrx_word' id='word_1_69' title='bbox 417 1349 565 1410; x_wconf 87' lang='lat' dir='ltr'>veteres</span> <span class='ocrx_word' id='word_1_70' title='bbox 586 1348 652 1408; x_wconf 90' lang='lat' dir='ltr'>aut</span> <span class='ocrx_word' id='word_1_71' title='bbox 671 1357 816 1408; x_wconf 92' lang='lat' dir='ltr'>nomen</span> <span class='ocrx_word' id='word_1_72' title='bbox 837 1329 915 1408; x_wconf 88' lang='lat' dir='ltr'>fine</span> <span class='ocrx_word' id='word_1_73' title='bbox 936 1359 976 1408; x_wconf 92' lang='lat' dir='ltr'>re</span> <span class='ocrx_word' id='word_1_74' title='bbox 998 1330 1072 1408; x_wconf 83' lang='lat' dir='ltr'>eise</span> <span class='ocrx_word' id='word_1_75' title='bbox 1092 1331 1292 1410; x_wconf 86' lang='lat' dir='ltr'>existima-</span> 
     </span>
     <span class='ocr_line' id='line_1_11' title="bbox 140 1439 1293 1551; baseline -0.001 -29"><span class='ocrx_word' id='word_1_76' title='bbox 140 1443 269 1537; x_wconf 85' lang='lat' dir='ltr'>batur,</span> <span class='ocrx_word' id='word_1_77' title='bbox 282 1471 364 1551; x_wconf 93' lang='lat' dir='ltr'>quo</span> <span class='ocrx_word' id='word_1_78' title='bbox 381 1442 436 1521; x_wconf 95' lang='lat' dir='ltr'>ufi</span> <span class='ocrx_word' id='word_1_79' title='bbox 456 1441 543 1522; x_wconf 88' lang='lat' dir='ltr'>sunt</span> <span class='ocrx_word' id='word_1_80' title='bbox 564 1439 759 1535; x_wconf 88' lang='lat' dir='ltr'>homines,</span> <span class='ocrx_word' id='word_1_81' title='bbox 777 1441 869 1520; x_wconf 90' lang='lat' dir='ltr'>teste</span> <span class='ocrx_word' id='word_1_82' title='bbox 885 1441 1030 1521; x_wconf 91' lang='lat' dir='ltr'>alicubi</span> <span class='ocrx_word' id='word_1_83' title='bbox 1046 1442 1293 1550; x_wconf 84' lang='lat' dir='ltr'>Hippocrate,</span> 
     </span>
     <span class='ocr_line' id='line_1_12' title="bbox 140 1552 1291 1662; baseline -0.002 -28"><span class='ocrx_word' id='word_1_84' title='bbox 140 1582 235 1634; x_wconf 89' lang='lat' dir='ltr'>cum</span> <span class='ocrx_word' id='word_1_85' title='bbox 266 1555 506 1634; x_wconf 77' lang='lat' dir='ltr'>secundarios</span> <span class='ocrx_word' id='word_1_86' title='bbox 539 1553 854 1660; x_wconf 88' lang='lat' dir='ltr'>contingentium</span> <span class='ocrx_word' id='word_1_87' title='bbox 890 1552 1064 1632; x_wconf 86' lang='lat' dir='ltr'>causas</span> <span class='ocrx_word' id='word_1_88' title='bbox 1053 1573 1291 1662; x_wconf 76' lang='lat' dir='ltr'>ignorarent,</span> 
     </span>
     <span class='ocr_line' id='line_1_13' title="bbox 140 1663 1292 1776; baseline -0.002 -30"><span class='ocrx_word' id='word_1_89' title='bbox 140 1687 209 1746; x_wconf 85' lang='lat' dir='ltr'>aut</span> <span class='ocrx_word' id='word_1_90' title='bbox 227 1667 283 1746; x_wconf 90' lang='lat' dir='ltr'>est</span> <span class='ocrx_word' id='word_1_91' title='bbox 302 1666 382 1776; x_wconf 91' lang='lat' dir='ltr'>ipsa</span> <span class='ocrx_word' id='word_1_92' title='bbox 403 1667 524 1746; x_wconf 86' lang='lat' dir='ltr'>latens</span> <span class='ocrx_word' id='word_1_93' title='bbox 536 1664 672 1745; x_wconf 86' lang='lat' dir='ltr'>causa:</span> <span class='ocrx_word' id='word_1_94' title='bbox 704 1684 748 1744; x_wconf 91' lang='lat' dir='ltr'>ut</span> <span class='ocrx_word' id='word_1_95' title='bbox 765 1665 924 1744; x_wconf 89' lang='lat' dir='ltr'>Cicero</span> <span class='ocrx_word' id='word_1_96' title='bbox 913 1693 954 1742; x_wconf 90' lang='lat' dir='ltr'>1n</span> <span class='ocrx_word' id='word_1_97' title='bbox 970 1663 1141 1775; x_wconf 91' lang='lat' dir='ltr'>Top.</span> <span class='ocrx_word' id='word_1_98' title='bbox 1099 1694 1181 1746; x_wconf 88' lang='lat' dir='ltr'>cum</span> <span class='ocrx_word' id='word_1_99' title='bbox 1200 1667 1292 1746; x_wconf 85' lang='lat' dir='ltr'>enim</span> 
     </span>
     <span class='ocr_line' id='line_1_14' title="bbox 140 1776 1293 1886; baseline 0.001 -28"><span class='ocrx_word' id='word_1_100' title='bbox 140 1779 237 1859; x_wconf 83' lang='lat' dir='ltr'>nihil</span> <span class='ocrx_word' id='word_1_101' title='bbox 243 1780 329 1886; x_wconf 79' lang='lat' dir='ltr'>stne</span> <span class='ocrx_word' id='word_1_102' title='bbox 348 1779 459 1885; x_wconf 78' lang='lat' dir='ltr'>carafa</span> <span class='ocrx_word' id='word_1_103' title='bbox 469 1778 566 1886; x_wconf 81' lang='lat' dir='ltr'>fiat,</span> <span class='ocrx_word' id='word_1_104' title='bbox 586 1778 652 1857; x_wconf 85' lang='lat' dir='ltr'>lroc</span> <span class='ocrx_word' id='word_1_105' title='bbox 671 1776 784 1885; x_wconf 76' lang='lat' dir='ltr'>ipstam</span> <span class='ocrx_word' id='word_1_106' title='bbox 803 1777 1039 1886; x_wconf 76' lang='lat' dir='ltr'>rstjortuna,</span> <span class='ocrx_word' id='word_1_107' title='bbox 1060 1797 1212 1859; x_wconf 87' lang='lat' dir='ltr'>eventus</span> <span class='ocrx_word' id='word_1_108' title='bbox 1230 1778 1293 1859; x_wconf 92' lang='lat' dir='ltr'>ob-</span> 
     </span>
     <span class='ocr_line' id='line_1_15' title="bbox 140 1887 1294 2001; baseline -0.001 -30"><span class='ocrx_word' id='word_1_109' title='bbox 140 1892 250 1980; x_wconf 75' lang='lat' dir='ltr'>scura</span> <span class='ocrx_word' id='word_1_110' title='bbox 269 1890 393 1999; x_wconf 71' lang='lat' dir='ltr'>carisa,</span> <span class='ocrx_word' id='word_1_111' title='bbox 414 1919 497 2001; x_wconf 85' lang='lat' dir='ltr'>quae</span> <span class='ocrx_word' id='word_1_112' title='bbox 522 1892 684 1971; x_wconf 87' lang='lat' dir='ltr'>latenter</span> <span class='ocrx_word' id='word_1_113' title='bbox 709 1890 830 1999; x_wconf 83' lang='lat' dir='ltr'>efficit.</span> <span class='ocrx_word' id='word_1_114' title='bbox 891 1889 1000 1968; x_wconf 90' lang='lat' dir='ltr'>Iuter</span> <span class='ocrx_word' id='word_1_115' title='bbox 1028 1887 1228 1970; x_wconf 86' lang='lat' dir='ltr'>fortunam</span> <span class='ocrx_word' id='word_1_116' title='bbox 1256 1910 1294 1970; x_wconf 90' lang='lat' dir='ltr'>et</span> 
     </span>
     <span class='ocr_line' id='line_1_16' title="bbox 140 1999 1295 2109; baseline -0.002 -25"><span class='ocrx_word' id='word_1_117' title='bbox 140 2004 273 2084; x_wconf 86' lang='lat' dir='ltr'>casum</span> <span class='ocrx_word' id='word_1_118' title='bbox 293 2001 374 2084; x_wconf 87' lang='lat' dir='ltr'>haec</span> <span class='ocrx_word' id='word_1_119' title='bbox 394 2004 532 2083; x_wconf 87' lang='lat' dir='ltr'>volunt</span> <span class='ocrx_word' id='word_1_120' title='bbox 552 2001 728 2081; x_wconf 77' lang='lat' dir='ltr'>interesse</span> <span class='ocrx_word' id='word_1_121' title='bbox 748 2000 909 2109; x_wconf 82' lang='lat' dir='ltr'>Aristot.</span> <span class='ocrx_word' id='word_1_122' title='bbox 940 1999 1053 2109; x_wconf 72' lang='lat' dir='ltr'><em>Phys</em></span> <span class='ocrx_word' id='word_1_123' title='bbox 1076 2027 1114 2081; x_wconf 87' lang='lat'>2.</span> <span class='ocrx_word' id='word_1_124' title='bbox 1138 2004 1178 2082; x_wconf 89' lang='lat'>6.</span> <span class='ocrx_word' id='word_1_125' title='bbox 1240 2006 1295 2082; x_wconf 85' lang='lat' dir='ltr'>Et</span> 
     </span>
     <span class='ocr_line' id='line_1_17' title="bbox 140 2112 1294 2241; baseline 0 -45"><span class='ocrx_word' id='word_1_126' title='bbox 140 2115 345 2197; x_wconf 86' lang='lat' dir='ltr'>Plutarch.</span> <span class='ocrx_word' id='word_1_127' title='bbox 367 2116 415 2194; x_wconf 91' lang='lat' dir='ltr'>de</span> <span class='ocrx_word' id='word_1_128' title='bbox 436 2115 575 2194; x_wconf 90' lang='lat' dir='ltr'>Placit.</span> <span class='ocrx_word' id='word_1_129' title='bbox 597 2132 637 2193; x_wconf 90' lang='lat' dir='ltr'>et</span> <span class='ocrx_word' id='word_1_130' title='bbox 662 2114 710 2193; x_wconf 90' lang='lat' dir='ltr'>de</span> <span class='ocrx_word' id='word_1_131' title='bbox 733 2115 845 2241; x_wconf 77' lang='lat' dir='ltr'>Fato,</span> <span class='ocrx_word' id='word_1_132' title='bbox 871 2131 914 2192; x_wconf 98' lang='lat' dir='ltr'>ut</span> <span class='ocrx_word' id='word_1_133' title='bbox 941 2112 1046 2192; x_wconf 89' lang='lat' dir='ltr'>casus</span> <span class='ocrx_word' id='word_1_134' title='bbox 1071 2112 1191 2222; x_wconf 91' lang='lat' dir='ltr'>quam</span> <span class='ocrx_word' id='word_1_135' title='bbox 1212 2115 1294 2196; x_wconf 86' lang='lat' dir='ltr'>for-</span> 
     </span>
     <span class='ocr_line' id='line_1_18' title="bbox 140 2225 1294 2337; baseline 0 -29"><span class='ocrx_word' id='word_1_136' title='bbox 140 2247 233 2309; x_wconf 92' lang='lat' dir='ltr'>tuna</span> <span class='ocrx_word' id='word_1_137' title='bbox 248 2228 363 2307; x_wconf 89' lang='lat' dir='ltr'>latius</span> <span class='ocrx_word' id='word_1_138' title='bbox 375 2246 528 2337; x_wconf 89' lang='lat' dir='ltr'>pateat;</span> <span class='ocrx_word' id='word_1_139' title='bbox 559 2225 743 2305; x_wconf 91' lang='lat' dir='ltr'>fortuna</span> <span class='ocrx_word' id='word_1_140' title='bbox 732 2253 772 2303; x_wconf 90' lang='lat' dir='ltr'>1n</span> <span class='ocrx_word' id='word_1_141' title='bbox 788 2225 834 2303; x_wconf 85' lang='lat' dir='ltr'>iis</span> <span class='ocrx_word' id='word_1_142' title='bbox 850 2225 1039 2304; x_wconf 83' lang='lat' dir='ltr'>duntaxat</span> <span class='ocrx_word' id='word_1_143' title='bbox 1058 2227 1128 2333; x_wconf 93' lang='lat' dir='ltr'>qui</span> <span class='ocrx_word' id='word_1_144' title='bbox 1144 2229 1294 2309; x_wconf 90' lang='lat' dir='ltr'>ratione</span> 
     </span>
     <span class='ocr_line' id='line_1_19' title="bbox 140 2337 1294 2448; baseline -0.002 -27"><span class='ocrx_word' id='word_1_145' title='bbox 140 2361 331 2434; x_wconf 90' lang='lat' dir='ltr'>utuntur;</span> <span class='ocrx_word' id='word_1_146' title='bbox 362 2339 508 2419; x_wconf 86' lang='lat' dir='ltr'>casus</span> <span class='ocrx_word' id='word_1_147' title='bbox 498 2368 539 2417; x_wconf 78' lang='lat' dir='ltr'>in</span> <span class='ocrx_word' id='word_1_148' title='bbox 565 2337 750 2417; x_wconf 88' lang='lat' dir='ltr'>omnibus</span> <span class='ocrx_word' id='word_1_149' title='bbox 780 2356 862 2416; x_wconf 90' lang='lat' dir='ltr'>tam</span> <span class='ocrx_word' id='word_1_150' title='bbox 889 2338 1154 2419; x_wconf 87' lang='lat' dir='ltr'>animantibus</span> <span class='ocrx_word' id='word_1_151' title='bbox 1173 2368 1294 2448; x_wconf 91' lang='lat' dir='ltr'>quam</span> 
     </span>
     <span class='ocr_line' id='line_1_20' title="bbox 140 2448 1293 2556; baseline -0.002 -24"><span class='ocrx_word' id='word_1_152' title='bbox 140 2453 367 2532; x_wconf 88' lang='lat' dir='ltr'>inanimatis</span> <span class='ocrx_word' id='word_1_153' title='bbox 393 2452 643 2530; x_wconf 89' lang='lat' dir='ltr'>dominetur:</span> <span class='ocrx_word' id='word_1_154' title='bbox 676 2449 738 2528; x_wconf 92' lang='lat' dir='ltr'>sed</span> <span class='ocrx_word' id='word_1_155' title='bbox 767 2448 954 2556; x_wconf 89' lang='lat' dir='ltr'>loquendi</span> <span class='ocrx_word' id='word_1_156' title='bbox 981 2448 1063 2529; x_wconf 75' lang='lat' dir='ltr'>fere</span> <span class='ocrx_word' id='word_1_157' title='bbox 1094 2451 1181 2531; x_wconf 88' lang='lat' dir='ltr'>usus</span> <span class='ocrx_word' id='word_1_158' title='bbox 1210 2452 1293 2532; x_wconf 92' lang='lat' dir='ltr'>for-</span> 
     </span>
     <span class='ocr_line' id='line_1_21' title="bbox 140 2561 1294 2673; baseline -0.002 -29"><span class='ocrx_word' id='word_1_159' title='bbox 140 2586 244 2644; x_wconf 80' lang='lat' dir='ltr'>tunae</span> <span class='ocrx_word' id='word_1_160' title='bbox 260 2563 328 2643; x_wconf 91' lang='lat' dir='ltr'>sub</span> <span class='ocrx_word' id='word_1_161' title='bbox 346 2565 505 2642; x_wconf 90' lang='lat' dir='ltr'>nomine</span> <span class='ocrx_word' id='word_1_162' title='bbox 526 2561 658 2641; x_wconf 88' lang='lat' dir='ltr'>casum</span> <span class='ocrx_word' id='word_1_163' title='bbox 678 2563 797 2640; x_wconf 89' lang='lat' dir='ltr'>etiarn</span> <span class='ocrx_word' id='word_1_164' title='bbox 817 2563 1109 2668; x_wconf 70' lang='lat' dir='ltr'>complectitur,</span> <span class='ocrx_word' id='word_1_165' title='bbox 1122 2564 1294 2673; x_wconf 90' lang='lat' dir='ltr'>quoties-</span> 
     </span>
     <span class='ocr_line' id='line_1_22' title="bbox 140 2672 1295 2785; baseline 0.001 -30"><span class='ocrx_word' id='word_1_166' title='bbox 140 2704 297 2785; x_wconf 91' lang='lat' dir='ltr'>cunque</span> <span class='ocrx_word' id='word_1_167' title='bbox 322 2694 458 2785; x_wconf 88' lang='lat' dir='ltr'>praeter</span> <span class='ocrx_word' id='word_1_168' title='bbox 486 2677 646 2782; x_wconf 91' lang='lat' dir='ltr'>scopum</span> <span class='ocrx_word' id='word_1_169' title='bbox 668 2674 743 2752; x_wconf 89' lang='lat' dir='ltr'>five</span> <span class='ocrx_word' id='word_1_170' title='bbox 767 2672 887 2752; x_wconf 90' lang='lat' dir='ltr'>finem</span> <span class='ocrx_word' id='word_1_171' title='bbox 912 2675 1116 2754; x_wconf 88' lang='lat' dir='ltr'>efficientis</span> <span class='ocrx_word' id='word_1_172' title='bbox 1145 2677 1295 2785; x_wconf 84' lang='lat' dir='ltr'>aliquid</span> 
     </span>
     <span class='ocr_line' id='line_1_23' title="bbox 140 2781 1291 2894; baseline 0.001 -27"><span class='ocrx_word' id='word_1_173' title='bbox 140 2788 297 2867; x_wconf 89' lang='lat' dir='ltr'>accidit.</span> <span class='ocrx_word' id='word_1_174' title='bbox 358 2787 421 2867; x_wconf 79' lang='lat' dir='ltr'>Sic</span> <span class='ocrx_word' id='word_1_175' title='bbox 432 2788 518 2894; x_wconf 77' lang='lat' dir='ltr'>casta</span> <span class='ocrx_word' id='word_1_176' title='bbox 519 2786 702 2893; x_wconf 76' lang='lat' dir='ltr'>sorturto</span> <span class='ocrx_word' id='word_1_177' title='bbox 718 2788 771 2864; x_wconf 92' lang='lat' dir='ltr'>ait</span> <span class='ocrx_word' id='word_1_178' title='bbox 788 2781 894 2865; x_wconf 78' lang='lat' dir='ltr'>Tull</span> <span class='ocrx_word' id='word_1_179' title='bbox 848 2787 948 2878; x_wconf 79' lang='lat' dir='ltr'>llius,</span> <span class='ocrx_word' id='word_1_180' title='bbox 968 2813 1004 2891; x_wconf 84' lang='lat'>3.</span> <span class='ocrx_word' id='word_1_181' title='bbox 1023 2787 1071 2866; x_wconf 90' lang='lat' dir='ltr'>de</span> <span class='ocrx_word' id='word_1_182' title='bbox 1087 2807 1165 2870; x_wconf 91' lang='lat' dir='ltr'>nat</span> <span class='ocrx_word' id='word_1_183' title='bbox 1182 2790 1291 2868; x_wconf 89' lang='lat' dir='ltr'>deor.</span> 
     </span>
     <span class='ocr_line' id='line_1_24' title="bbox 140 2897 1295 3008; baseline 0 -28"><span class='ocrx_word' id='word_1_184' title='bbox 140 2901 300 2980; x_wconf 84' lang='lat' dir='ltr'>Pheraeo</span> <span class='ocrx_word' id='word_1_185' title='bbox 319 2899 458 3006; x_wconf 83' lang='lat' dir='ltr'>Jasoni</span> <span class='ocrx_word' id='word_1_186' title='bbox 474 2897 624 3008; x_wconf 85' lang='lat' dir='ltr'>profuit</span> <span class='ocrx_word' id='word_1_187' title='bbox 650 2897 769 3005; x_wconf 78' lang='lat' dir='ltr'>hostis,</span> <span class='ocrx_word' id='word_1_188' title='bbox 790 2898 924 3006; x_wconf 89' lang='lat' dir='ltr'>quil</span> <span class='ocrx_word' id='word_1_189' title='bbox 877 2897 1001 3004; x_wconf 84' lang='lat' dir='ltr'>gladio</span> <span class='ocrx_word' id='word_1_190' title='bbox 1020 2899 1198 2979; x_wconf 87' lang='lat' dir='ltr'>vomicam</span> <span class='ocrx_word' id='word_1_191' title='bbox 1217 2900 1295 3006; x_wconf 88' lang='lat' dir='ltr'>ejus</span> 
     </span>
     <span class='ocr_line' id='line_1_25' title="bbox 140 3009 1022 3121; baseline -0.005 -30"><span class='ocrx_word' id='word_1_192' title='bbox 140 3013 306 3121; x_wconf 87' lang='lat' dir='ltr'>aperuit,</span> <span class='ocrx_word' id='word_1_193' title='bbox 326 3042 435 3121; x_wconf 89' lang='lat' dir='ltr'>quarn</span> <span class='ocrx_word' id='word_1_194' title='bbox 452 3009 730 3115; x_wconf 82' lang='lat' dir='ltr'>medrcistrnare</span> <span class='ocrx_word' id='word_1_195' title='bbox 748 3039 818 3089; x_wconf 91' lang='lat' dir='ltr'>non</span> <span class='ocrx_word' id='word_1_196' title='bbox 832 3027 1022 3119; x_wconf 84' lang='lat' dir='ltr'>poterant.</span> 
     </span>
    </p>

    <p class='ocr_par' dir='ltr' id='par_1_3' title="bbox 140 3121 1296 3457">
     <span class='ocr_line' id='line_1_26' title="bbox 194 3121 1294 3231; baseline -0.003 -27"><span class='ocrx_word' id='word_1_197' title='bbox 194 3127 244 3204; x_wconf 91' lang='lat' dir='ltr'>In</span> <span class='ocrx_word' id='word_1_198' title='bbox 257 3125 323 3203; x_wconf 84' lang='lat' dir='ltr'>hoc</span> <span class='ocrx_word' id='word_1_199' title='bbox 338 3152 472 3231; x_wconf 86' lang='lat' dir='ltr'>genere</span> <span class='ocrx_word' id='word_1_200' title='bbox 490 3123 686 3229; x_wconf 88' lang='lat' dir='ltr'>causarum</span> <span class='ocrx_word' id='word_1_201' title='bbox 705 3121 952 3230; x_wconf 86' lang='lat' dir='ltr'>imprudentia</span> <span class='ocrx_word' id='word_1_202' title='bbox 966 3122 1226 3201; x_wconf 88' lang='lat' dir='ltr'>connumerari</span> <span class='ocrx_word' id='word_1_203' title='bbox 1225 3124 1294 3230; x_wconf 89' lang='lat' dir='ltr'>so</span> 
     </span>
     <span class='ocr_line' id='line_1_27' title="bbox 140 3232 1295 3343; baseline 0.002 -29"><span class='ocrx_word' id='word_1_204' title='bbox 140 3236 435 3315; x_wconf 83' lang='lat' dir='ltr'>let.Stcet1am</span> <span class='ocrx_word' id='word_1_205' title='bbox 448 3236 607 3343; x_wconf 77' lang='lat' dir='ltr'>Aristar.</span> <span class='ocrx_word' id='word_1_206' title='bbox 627 3235 753 3314; x_wconf 83' lang='lat' dir='ltr'>Etfiic</span> <span class='ocrx_word' id='word_1_207' title='bbox 775 3232 1147 3340; x_wconf 82' lang='lat' dir='ltr'>3.1.vrdenturnon</span> <span class='ocrx_word' id='word_1_208' title='bbox 1162 3237 1295 3317; x_wconf 88' lang='lat' dir='ltr'>volun-</span> 
     </span>
     <span class='ocr_line' id='line_1_28' title="bbox 140 3346 1296 3457; baseline 0.003 -30"><span class='ocrx_word' id='word_1_209' title='bbox 140 3347 246 3428; x_wconf 85' lang='lat' dir='ltr'>taria</span> <span class='ocrx_word' id='word_1_210' title='bbox 275 3347 353 3457; x_wconf 85' lang='lat' dir='ltr'>effe,</span> <span class='ocrx_word' id='word_1_211' title='bbox 383 3377 466 3457; x_wconf 87' lang='lat' dir='ltr'>quae</span> <span class='ocrx_word' id='word_1_212' title='bbox 489 3364 562 3456; x_wconf 86' lang='lat' dir='ltr'>per</span> <span class='ocrx_word' id='word_1_213' title='bbox 589 3346 667 3427; x_wconf 82' lang='lat' dir='ltr'>or&#39;rn</span> <span class='ocrx_word' id='word_1_214' title='bbox 695 3365 765 3426; x_wconf 88' lang='lat' dir='ltr'>aut</span> <span class='ocrx_word' id='word_1_215' title='bbox 793 3346 1041 3454; x_wconf 60' lang='lat' dir='ltr'>ignorantiam</span> <span class='ocrx_word' id='word_1_216' title='bbox 1056 3346 1179 3454; x_wconf 81' lang='lat' dir='ltr'>fiunt.</span> <span class='ocrx_word' id='word_1_217' title='bbox 1240 3353 1296 3430; x_wconf 85' lang='lat' dir='ltr'>Et</span> 
     </span>
    </p>
   </div>
   <div class='ocr_carea' id='block_1_3' title="bbox 140 3456 461 3568">
    <p class='ocr_par' dir='ltr' id='par_1_4' title="bbox 140 3456 461 3568">
     <span class='ocr_line' id='line_1_29' title="bbox 140 3456 461 3568; baseline -0.006 -29"><span class='ocrx_word' id='word_1_218' title='bbox 140 3460 261 3541; x_wconf 86' lang='lat' dir='ltr'>Ovid.</span> <span class='ocrx_word' id='word_1_219' title='bbox 285 3485 323 3538; x_wconf 87' lang='lat'>2.</span> <span class='ocrx_word' id='word_1_220' title='bbox 348 3456 461 3568; x_wconf 67' lang='lat' dir='ltr'>trost.</span> 
     </span>
    </p>
   </div>
   <div class='ocr_carea' id='block_1_4' title="bbox 257 3618 1172 4286">
    <p class='ocr_par' dir='ltr' id='par_1_5' title="bbox 257 3618 1172 4286">
     <span class='ocr_line' id='line_1_30' title="bbox 259 3618 1143 3729; baseline 0 -31"><span class='ocrx_word' id='word_1_221' title='bbox 259 3622 341 3700; x_wconf 88' lang='lat' dir='ltr'>Cur</span> <span class='ocrx_word' id='word_1_222' title='bbox 359 3618 505 3729; x_wconf 87' lang='lat' dir='ltr'>aliquid</span> <span class='ocrx_word' id='word_1_223' title='bbox 519 3618 631 3699; x_wconf 76' lang='lat' dir='ltr'>vidi?</span> <span class='ocrx_word' id='word_1_224' title='bbox 661 3648 731 3698; x_wconf 89' lang='lat' dir='ltr'>cur</span> <span class='ocrx_word' id='word_1_225' title='bbox 749 3620 859 3698; x_wconf 87' lang='lat' dir='ltr'>noxia</span> <span class='ocrx_word' id='word_1_226' title='bbox 877 3620 1143 3726; x_wconf 79' lang='lat' dir='ltr'>luminafeci?</span> 
     </span>
     <span class='ocr_line' id='line_1_31' title="bbox 258 3730 1081 3841; baseline -0.004 -30"><span class='ocrx_word' id='word_1_227' title='bbox 258 3735 341 3811; x_wconf 88' lang='lat' dir='ltr'>Cur</span> <span class='ocrx_word' id='word_1_228' title='bbox 358 3731 584 3841; x_wconf 85' lang='lat' dir='ltr'>imprudenti</span> <span class='ocrx_word' id='word_1_229' title='bbox 600 3732 746 3838; x_wconf 86' lang='lat' dir='ltr'>cognita</span> <span class='ocrx_word' id='word_1_230' title='bbox 765 3731 875 3839; x_wconf 90' lang='lat' dir='ltr'>culpa</span> <span class='ocrx_word' id='word_1_231' title='bbox 892 3730 985 3809; x_wconf 83' lang='lat' dir='ltr'>milri</span> <span class='ocrx_word' id='word_1_232' title='bbox 1000 3731 1081 3839; x_wconf 81' lang='lat' dir='ltr'>est?</span> 
     </span>
     <span class='ocr_line' id='line_1_32' title="bbox 257 3842 1114 3952; baseline -0.002 -29"><span class='ocrx_word' id='word_1_233' title='bbox 257 3845 399 3952; x_wconf 89' lang='lat' dir='ltr'>Inscius</span> <span class='ocrx_word' id='word_1_234' title='bbox 418 3846 577 3925; x_wconf 73' lang='lat' dir='ltr'>Allaeon</span> <span class='ocrx_word' id='word_1_235' title='bbox 596 3842 784 3948; x_wconf 84' lang='lat' dir='ltr'>viditstne</span> <span class='ocrx_word' id='word_1_236' title='bbox 803 3844 897 3951; x_wconf 82' lang='lat' dir='ltr'>veste</span> <span class='ocrx_word' id='word_1_237' title='bbox 918 3843 1114 3922; x_wconf 88' lang='lat' dir='ltr'>Dianam:</span> 
     </span>
     <span class='ocr_line' id='line_1_33' title="bbox 259 3954 1071 4063; baseline -0.005 -26"><span class='ocrx_word' id='word_1_238' title='bbox 259 3954 495 4063; x_wconf 81' lang='lat' dir='ltr'>Praedasuir</span> <span class='ocrx_word' id='word_1_239' title='bbox 513 3955 666 4036; x_wconf 87' lang='lat' dir='ltr'>canibus</span> <span class='ocrx_word' id='word_1_240' title='bbox 683 3985 749 4035; x_wconf 89' lang='lat' dir='ltr'>nec</span> <span class='ocrx_word' id='word_1_241' title='bbox 767 3956 885 4034; x_wconf 83' lang='lat' dir='ltr'>minus</span> <span class='ocrx_word' id='word_1_242' title='bbox 903 3954 1071 4063; x_wconf 88' lang='lat' dir='ltr'>illesuit.</span> 
     </span>
     <span class='ocr_line' id='line_1_34' title="bbox 257 4066 1172 4177; baseline -0.001 -29"><span class='ocrx_word' id='word_1_243' title='bbox 257 4069 407 4148; x_wconf 88' lang='lat' dir='ltr'>Scilicet</span> <span class='ocrx_word' id='word_1_244' title='bbox 426 4066 623 4177; x_wconf 88' lang='lat' dir='ltr'>insuperis</span> <span class='ocrx_word' id='word_1_245' title='bbox 642 4068 751 4147; x_wconf 88' lang='lat' dir='ltr'>etiam</span> <span class='ocrx_word' id='word_1_246' title='bbox 757 4069 926 4175; x_wconf 88' lang='lat' dir='ltr'>fortuna</span> <span class='ocrx_word' id='word_1_247' title='bbox 946 4067 1077 4148; x_wconf 88' lang='lat' dir='ltr'>luenda</span> <span class='ocrx_word' id='word_1_248' title='bbox 1095 4068 1172 4177; x_wconf 70' lang='lat' dir='ltr'>cll:</span> 
     </span>
     <span class='ocr_line' id='line_1_35' title="bbox 257 4179 1067 4286; baseline -0.005 -25"><span class='ocrx_word' id='word_1_249' title='bbox 257 4184 342 4261; x_wconf 89' lang='lat' dir='ltr'>Nec</span> <span class='ocrx_word' id='word_1_250' title='bbox 360 4181 521 4274; x_wconf 85' lang='lat' dir='ltr'>veniam,</span> <span class='ocrx_word' id='word_1_251' title='bbox 542 4180 624 4286; x_wconf 69' lang='lat' dir='ltr'>laeso</span> <span class='ocrx_word' id='word_1_252' title='bbox 643 4180 802 4273; x_wconf 86' lang='lat' dir='ltr'>nurnine,</span> <span class='ocrx_word' id='word_1_253' title='bbox 823 4180 927 4286; x_wconf 90' lang='lat' dir='ltr'>casus</span> <span class='ocrx_word' id='word_1_254' title='bbox 946 4179 1067 4259; x_wconf 86' lang='lat' dir='ltr'>habet.</span> 
     </span>
    </p>
   </div>
   <div class='ocr_carea' id='block_1_5' title="bbox 140 4352 1299 4575">
    <p class='ocr_par' dir='ltr' id='par_1_6' title="bbox 140 4352 1299 4575">
     <span class='ocr_line' id='line_1_36' title="bbox 200 4352 1299 4462; baseline -0.001 -28"><span class='ocrx_word' id='word_1_255' title='bbox 200 4356 363 4434; x_wconf 88' lang='lat' dir='ltr'>Durum</span> <span class='ocrx_word' id='word_1_256' title='bbox 386 4354 426 4432; x_wconf 95' lang='lat' dir='ltr'>id</span> <span class='ocrx_word' id='word_1_257' title='bbox 441 4353 514 4432; x_wconf 85' lang='lat' dir='ltr'>effe</span> <span class='ocrx_word' id='word_1_258' title='bbox 531 4354 710 4462; x_wconf 87' lang='lat' dir='ltr'>queritur</span> <span class='ocrx_word' id='word_1_259' title='bbox 726 4372 841 4460; x_wconf 89' lang='lat' dir='ltr'>poeta</span> <span class='ocrx_word' id='word_1_260' title='bbox 859 4382 867 4430; x_wconf 93' lang='lat'>:</span> <span class='ocrx_word' id='word_1_261' title='bbox 899 4381 983 4431; x_wconf 88' lang='lat' dir='ltr'>narn</span> <span class='ocrx_word' id='word_1_262' title='bbox 999 4353 1201 4462; x_wconf 84' lang='lat' dir='ltr'>caeteroqui</span> <span class='ocrx_word' id='word_1_263' title='bbox 1214 4352 1299 4433; x_wconf 85' lang='lat' dir='ltr'>lrinc</span> 
     </span>
     <span class='ocr_line' id='line_1_37' title="bbox 140 4464 1299 4575; baseline -0.001 -29"><span class='ocrx_word' id='word_1_264' title='bbox 140 4465 303 4570; x_wconf 75' lang='lat' dir='ltr'>firmitur</span> <span class='ocrx_word' id='word_1_265' title='bbox 311 4467 529 4575; x_wconf 86' lang='lat' dir='ltr'>plerumque</span> <span class='ocrx_word' id='word_1_266' title='bbox 540 4465 745 4574; x_wconf 83' lang='lat' dir='ltr'>deprecatio</span> <span class='ocrx_word' id='word_1_267' title='bbox 759 4495 772 4555; x_wconf 94' lang='lat'>,·</span> <span class='ocrx_word' id='word_1_268' title='bbox 802 4482 838 4542; x_wconf 89' lang='lat' dir='ltr'>et</span> <span class='ocrx_word' id='word_1_269' title='bbox 851 4464 1076 4570; x_wconf 78' lang='lat' dir='ltr'>excustrtioni</span> <span class='ocrx_word' id='word_1_270' title='bbox 1088 4468 1198 4545; x_wconf 87' lang='lat' dir='ltr'>ctiam</span> <span class='ocrx_word' id='word_1_271' title='bbox 1211 4493 1299 4545; x_wconf 93' lang='lat' dir='ltr'>non-</span> 
     </span>
    </p>
   </div>
   <div class='ocr_carea' id='block_1_6' title="bbox 206 4604 749 4685">
    <p class='ocr_par' dir='ltr' id='par_1_7' title="bbox 206 4604 749 4685">
     <span class='ocr_line' id='line_1_38' title="bbox 206 4604 749 4685; baseline -0.002 -31"><span class='ocrx_word' id='word_1_272' title='bbox 206 4608 225 4685; x_wconf 73' lang='grc'><em>5</em></span> <span class='ocrx_word' id='word_1_273' title='bbox 727 4604 749 4653; x_wconf 91' lang='lat' dir='ltr'>C</span> 
     </span>
    </p>
   </div>
   <div class='ocr_carea' id='block_1_7' title="bbox 0 0 1482 4980">
    <p class='ocr_par' dir='ltr' id='par_1_8' title="bbox 0 0 1482 4980">
     <span class='ocr_line' id='line_1_39' title="bbox 0 0 1482 4980; baseline 0 0"><span class='ocrx_word' id='word_1_274' title='bbox 0 0 1482 4980; x_wconf 95' lang='lat' dir='ltr'> </span> 
     </span>
    </p>
   </div>
  </div>
 </body>
</html>
