2956 4980
202 238 321 374 Cap.
354 282 422 335 11.
504 236 694 336 Plenior
718 235 967 338 Institutio·
1247 285 1325 371 ¹45

219 412 486 526 Inffllogffmo
496 415 679 525 explicato
685 417 881 525 propositio
896 417 945 526 est
953 418 1141 526 generasti
1150 439 1221 499 aut
1226 436 1322 529 pro·

152 527 277 638 pria,·
296 547 335 609 et
351 528 668 633 concluſsoflmilri
684 528 915 610 antecedenti
928 549 999 618 aut
1010 532 1125 639 parti
1138 530 1316 613 debiliori.

220 641 376 736 Similis,
407 667 553 748 nempe
572 639 817 749 etqualitate
836 660 876 721 et
898 645 1141 751 quantitate:
1171 663 1320 724 antece·

159 754 278 847 denti,
303 755 465 861 utrique
492 754 639 832 scilicet
661 752 743 857 ejus
770 755 887 861 parti,
909 755 1165 863 propositioni
1189 777 1229 836 et
1259 757 1320 836 as-

159 866 396 976 sumptioni,
416 865 446 945 fi
464 864 536 974 ipfi
554 865 659 944 inter
677 864 714 943 se
735 864 878 944 s1miles
898 866 1000 961 sunt,
1022 868 1099 947 live
1119 867 1319 949 affirmata

124 994 141 1005 “
159 979 240 1059 five
259 976 463 1086 generales
482 977 558 1055 five
578 977 769 1087 propriae3
801 977 855 1055 s1n
878 978 1094 1074 dissimiles,
1121 981 1223 1091 parti
1247 981 1318 1060 de-

158 1090 311 1185 biliori,
331 1110 379 1171 ut
398 1085 527 1198 supra

220 1200 432 1311 Syllogffmi
438 1198 622 1310 explicati
616 1196 759 1308 species
776 1199 861 1282 duee
865 1202 977 1308 stent.
1009 1201 1159 1298 Prima,
1173 1202 1240 1283 ubi
1250 1233 1318 1284 ar-

154 1332 378 1423 gementum
382 1315 533 1423 semper
537 1310 731 1420 sequitur,
751 1334 926 1421 negatum
946 1315 984 1392 in
1002 1316 1127 1394 altera
1139 1332 1268 1423 parte.

219 1427 322 1507 Haec
352 1428 481 1536 prima
513 1423 658 1535 species
688 1426 890 1534 explicati,
897 1426 1037 1532 figura
1059 1424 1228 1530 secunda
1266 1428 1315 1507 ab

157 1538 364 1648 Aristotele
380 1538 539 1618 dicitur.
584 1537 697 1616 Prior
716 1559 849 1618 autem
869 1537 950 1617 haec
969 1539 1113 1647 species
1132 1539 1316 1633 efficitur,

157 1653 257 1760 quia
275 1650 475 1760 dispositio
492 1649 576 1756 ejus
594 1649 651 1728 est
671 1648 897 1758 simplicior,
919 1668 963 1729 ut
982 1678 1032 1730 ex
1051 1650 1171 1731 altera
1190 1650 1316 1761 specie

158 1763 304 1844 collata
334 1762 641 1872 comperiemus.
701 1764 887 1870 Sequitur
914 1781 1047 1842 autem
1071 1763 1225 1870 semper
1253 1792 1317 1843 ar·

157 1894 402 1983 gumentum
422 1891 576 1984 partem
595 1891 803 1983 utramque
823 1874 1057 1983 questionis,
1077 1874 1316 1984 consequen-

159 2008 247 2068 tem
265 1989 309 2067 in
332 1985 614 2097 propositione,
640 1987 935 2066 antecedentem
964 1989 1004 2066 in
1031 1985 1316 2096 assumptione:

159 2100 267 2180 unde
286 2099 338 2181 ab
352 2098 512 2207 Arssot.
534 2124 595 2207 pr.
621 2123 658 2176 1.
678 2123 717 2205 ς.
732 2098 983 2207 preedteatum
1002 2096 1045 2178 de
1062 2097 1238 2179 ambabus
1256 2100 1317 2179 di·

158 2214 280 2293 citur.
317 2212 526 2320 Negatum
540 2225 675 2289 autem
689 2210 835 2290 dicitur
848 2229 1127 2319 argumentum
1142 2212 1182 2290 in
1198 2213 1317 2292 altera

157 2343 288 2436 parte,
312 2324 408 2433 quia
425 2350 515 2433 pars
535 2321 670 2412 altera,
692 2323 757 2402 vel
782 2322 995 2432 propofitio
1014 2351 1158 2431 nempe
1178 2324 1241 2402 vel
1260 2324 1317 2403 as-

159 2436 337 2546 sumptio
351 2434 505 2544 semper
519 2433 576 2515 est
589 2453 742 2539 negata.
787 2436 906 2514 Unde
927 2431 1022 2515 clim
1042 2454 1180 2542 negata
1196 2437 1316 2516 etiam

159 2548 362 2630 conclusio
375 2548 530 2657 semper
541 2545 751 2625 necessarie
767 2547 826 2640 fit,
843 2546 1030 2655 sequitur,
1047 2545 1162 2654 hujus
1176 2547 1317 2659 speciei

159 2662 303 2742 modos
321 2687 459 2742 omnes
478 2676 640 2768 negatos
656 2658 745 2753 esic,
763 2676 802 2737 et
821 2678 978 2766 negatas
994 2659 1183 2739 duntaxat
1199 2659 1319 2769 quaes-

160 2774 289 2854 tiones
308 2771 383 2854 hac
400 2770 527 2882 specie
542 2771 743 2866 concludi,
759 2799 846 2879 quae
860 2771 990 2851 omnis
1010 2772 1051 2850 in
1071 2769 1319 2853 refutationi·

159 2885 467 2996 mmmm

219 2998 343 3079 Modi
360 2995 478 3102 hujus
492 2993 706 3103 syllogismi
722 2994 788 3075 sex
803 2990 914 3088 sunt;
936 3013 975 3074 et
986 3022 1124 3076 omnes
1136 2995 1313 3103 quidem,

160 3130 210 3191 nt
222 3108 414 3202 diximus,
429 3109 583 3217 negati;
605 3107 683 3186 duo
698 3107 912 3214 generales,
930 3108 1008 3188 duo
1025 3106 1222 3218 speciales,
1234 3108 1315 3188 duo

162 3223 331 3333 proprii.

222 3332 428 3414 Generalis
447 3333 614 3442 primus,
635 3327 745 3436 cujus
765 3329 977 3439 propofitio
998 3352 1190 3439 negatur:
1214 3324 1322 3409 Tur·

162 3444 277 3527 batus
305 3476 376 3527 non
413 3442 501 3525 bene
538 3443 664 3523 utitur
697 3443 865 3522 ratione:
891 3439 1046 3551 sapiens
1079 3441 1165 3524 bene
1194 3443 1321 3523 utitur

162 3556 309 3640 ratione
321 3590 336 3651 ,·
349 3556 504 3665 sttpiens
523 3555 644 3662 igitur
662 3584 731 3635 non
750 3554 799 3662 est
816 3551 1006 3633 turbatus.
1067 3557 1161 3636 Hoc
1182 3582 1319 3634 exem·

163 3672 280 3780 plum
302 3672 344 3750 in
368 3668 432 3748 sua
451 3668 574 3778 crypli
602 3668 653 3748 fic
680 3667 783 3776 apud
811 3663 1020 3746 Ciceronem
1043 3667 1099 3747 est
1122 3695 1142 3774 3
1168 3662 1316 3773 Tuscul.

162 3779 470 3892 Qemadmedum
489 3781 613 3860 oculus
624 3777 866 3860 conturbatus
883 3807 952 3859 nen
971 3778 1019 3886 est
1030 3778 1147 3888 prob>
1162 3779 1320 3888 eusebius

163 3896 219 3978 ad
217 3894 335 4003 strum
353 3886 486 3975 munus
486 3887 740 4000 fungendum,
761 3909 797 3971 et
816 3889 971 3998 reliquce
983 3908 1117 3999 partes
1135 3896 1323 4001 totimque

164 4026 298 4119 corpus
316 4006 342 4087 ἃ
356 4007 469 4116 statu
487 4002 570 4085 ciem
594 4004 809 4113 elimatum,
834 3996 926 4111 deest
947 4001 1058 4109 officio
1073 4003 1146 4109 suo
1169 4033 1215 4083 ac
1239 4034 1321 4084 mu-

163 4122 251 4204 neri
258 4152 273 4214 ;
289 4116 354 4227 fic
370 4117 615 4200 conturbatus
637 4112 781 4196 animus
803 4144 872 4194 non
894 4113 943 4221 est
953 4113 1070 4224 probe
1093 4114 1251 4223 effidiur
1272 4116 1326 4197 ad

163 4230 410 4344 exequendum
427 4229 692 4336 munussteum.
752 4229 899 4307 Munus
917 4245 1040 4307 autem
1054 4224 1173 4308 animi
1186 4228 1234 4336 est
1251 4259 1321 4309 ra-

164 4348 262 4429 tione
280 4344 345 4426 uti
351 4375 366 4424 .·
386 4360 423 4423 et
428 4340 613 4452 sapientis
631 4338 775 4419 animus
793 4338 850 4418 ita
855 4338 1004 4448 semper
1022 4338 1180 4448 affliius
1198 4339 1260 4449 est,
1278 4361 1321 4421 ut

164 4458 311 4541 ratr‘ene
324 4456 456 4567 optent>
474 4472 634 4544 utatur,·
654 4480 840 4559 nunquam
860 4451 982 4559 igitur
995 4452 1043 4560 est
1054 4449 1320 4560 perturbatus.

225 4598 250 4681 5
741 4590 764 4641 L
829 4662 835 4675 ..
