2956 4980
459 219 748 319 Prolusrones
775 225 1012 321 Oratoriae.
1112 262 1116 267 ·
1217 268 1270 342 42
1279 269 1300 348 5

481 698 537 788 In
563 690 740 788 Scholis
768 691 985 789 Publicis.

372 944 515 1022 Contra
536 941 802 1051 Philosophiam
824 943 1093 1051 scholasticam.

259 1164 467 1243 Uaerebam
489 1192 614 1272 nuper
634 1164 793 1255 obnixe,
808 1165 1054 1256 Academici,
1071 1191 1141 1242 nec
1158 1165 1198 1242 in
1218 1164 1306 1272 pos·

288 1277 421 1355 tremis
442 1274 518 1355 hoc
539 1273 640 1353 mihi
659 1303 760 1354 eurae
775 1296 855 1355 erat
866 1305 945 1383 quo
964 1275 1208 1384 potissimum
1220 1304 1306 1355 ver-

157 1384 299 1463 borum
321 1408 507 1495 apparatu
520 1416 587 1466 vos
601 1388 811 1466 Auditores
832 1415 940 1467 meos
960 1387 1200 1495 exciperem,
1213 1414 1307 1466 cum

157 1493 285 1575 subito
306 1497 406 1577 mihi
433 1501 471 1577 io
498 1517 673 1577 mentem
693 1500 801 1577 venit
826 1499 865 1578 id
894 1499 999 1608 quod
1027 1500 1190 1578 Marcus
1211 1495 1306 1578 ‘Tul-

156 1606 229 1684 lius
250 1605 290 1711 (ὲ
310 1638 403 1717 quo,
426 1639 503 1689 non
525 1611 602 1688 stne
629 1608 753 1688 fausto
782 1613 915 1689 omine
943 1610 1145 1688 exorditur
1164 1611 1306 1689 Oratio

157 1720 263 1825 mea)
288 1724 401 1800 toties
421 1723 617 1801 commisit
638 1722 804 1816 Literis;
837 1723 876 1800 in
904 1720 980 1801 hoc
1008 1719 1152 1799 scilicet
1180 1740 1305 1828 partes

159 1826 346 1910 Rhetoris
367 1833 451 1911 fitas
475 1832 563 1926 esse,
584 1861 628 1911 ac
653 1832 805 1940 positae,
827 1853 870 1911 ut
895 1833 1046 1925 doceat,
1067 1833 1246 1925 deledtet,
1268 1852 1308 1912 et

156 1940 327 2049 denique
359 1962 598 2052 permoveat.
659 1944 826 2022 Proinde
864 1944 960 2023 istuc
996 1941 1095 2022 mihi
1133 1963 1307 2022 tantum-

156 2053 277 2131 modo
298 2056 480 2164 proposui
501 2057 722 2163 negotium,
740 2075 782 2132 ut
802 2055 849 2133 ab
869 2054 945 2135 hoc
966 2055 1110 2163 triplici
1128 2056 1307 2136 Oratoris

158 2190 322 2243 munere
341 2195 462 2274 quam
493 2168 657 2245 minime
685 2165 894 2246 discedam.
955 2168 1011 2245 At
1030 2168 1218 2274 quoniam
1238 2166 1307 2246 do·

156 2302 244 2354 cere
260 2305 327 2356 vos
341 2277 629 2358 consummatos
646 2277 819 2384 undique
841 2277 1020 2357 homines
1037 2304 1114 2355 non
1131 2278 1307 2384 estquod

157 2412 234 2493 ego
255 2388 356 2467 mihi
378 2391 543 2483 sumam,
560 2417 630 2469 nec
650 2388 755 2496 quod
771 2418 837 2468 vos
854 2389 1081 2480 sustineatis,
1098 2386 1213 2466 liceat
1226 2387 1306 2467 sal-

158 2516 241 2577 tem
275 2501 396 2607 (quod
427 2503 656 2610 proximum
682 2500 753 2606 est)
787 2529 947 2581 monere
974 2498 1123 2607 aliquid
1155 2497 1307 2579 sortasse

159 2636 238 2688 non
258 2613 501 2693 omninoabs
514 2641 553 2692 re
567 2612 771 2704 futurum;
802 2614 993 2693 delettare
1013 2612 1186 2705 interim,
1199 2612 1307 2719 quod

159 2719 247 2799 sane
267 2751 459 2832 perquam
471 2753 618 2816 vereor,
634 2742 678 2803 ut
698 2724 742 2802 sit
758 2725 942 2804 exilitatis
959 2751 1068 2816 meae,
1082 2725 1156 2802 erit
1177 2745 1309 2804 tamen

158 2832 337 2913 desiderii
357 2836 523 2929 summa,
543 2864 664 2944 quam
685 2835 712 2912 s1
733 2836 913 2944 attigero,
934 2855 1037 2914 certe
1059 2863 1198 2942 parum
1219 2837 1307 2928 erit,

158 2946 256 3050 quin
277 2965 316 3025 et
334 2975 600 3056 permoveam,
662 2947 905 3026 Permovebo
932 2967 1064 3025 autem
1084 2948 1123 3023 in
1149 2946 1308 3055 praesens

159 3054 328 3150 abunde,
341 3088 391 3138 ex
411 3062 532 3138 animi
554 3059 753 3151 sententia,
769 3059 793 3136 si
809 3087 875 3137 vos
892 3059 1102 3136 Auditores
1124 3058 1307 3137 inducere

159 3186 312 3275 potero,
328 3190 370 3249 ut
384 3172 571 3250 immania
585 3171 666 3262 illa,
680 3190 718 3249 et
731 3198 852 3278 prope
866 3169 1075 3248 monstrosa
1089 3168 1307 3263 subtilium,

160 3279 267 3385 quod
291 3282 414 3375 aiunt,
436 3283 641 3362 doctorum
661 3282 863 3360 volumina
890 3282 1025 3359 rariori
1053 3308 1171 3359 manu
1198 3281 1307 3359 evol-

159 3392 271 3483 vatiS,
317 3413 438 3501 utque
477 3393 686 3472 verrucosis
726 3391 991 3501 sophistarum
1041 3392 1309 3472 controversiis

161 3501 280 3610 paulo
301 3505 490 3583 remissius
517 3505 764 3611 indulgeatis.
823 3506 879 3582 At
899 3533 990 3583 vero
1018 3525 1061 3583 ut
1087 3505 1216 3612 palam
1244 3503 1310 3583 fiat

160 3613 360 3708 omnibus,
386 3645 504 3723 quam
540 3618 585 3696 s1t
615 3643 771 3723 aequum
807 3636 924 3723 atque
959 3614 1167 3695 honestum
1202 3616 1308 3723 quod

159 3723 315 3816 suadeo,
350 3727 511 3806 strictim
542 3728 757 3819 ostendam,
789 3746 828 3806 et
858 3756 928 3835 pro
959 3756 1045 3806 mea
1076 3726 1309 3806 semihorula

161 3834 265 3915 hisce
287 3838 421 3918 studiis
443 3868 513 3918 nec
541 3839 725 3918 oblectari
750 3840 943 3929 animum,
967 3866 1037 3916 nec
1057 3837 1216 3929 erudiri,
1237 3865 1309 3916 nec

160 3948 330 4055 denique
351 3979 562 4030 commune
583 3951 732 4029 bonum
749 3951 963 4058 quicquam
986 3949 1220 4058 promoveri.
1257 3950 1311 4028 Et

160 4080 265 4138 certe
294 4063 333 4138 io
362 4063 499 4171 primis
527 4064 574 4141 ad
596 4091 662 4141 vos
691 4088 876 4170 provoco,
905 4061 1150 4153 Academici,
1176 4060 1202 4137 s1
1232 4088 1310 4167 qua

162 4171 248 4251 fieri
277 4175 402 4281 potest
433 4204 482 4253 ex
515 4203 601 4252 mea
621 4173 735 4252 vestri
765 4174 914 4279 ingenii
945 4172 1179 4277 conjedlura,
1199 4171 1310 4279 quid,

161 4283 301 4389 quaeso,
323 4287 533 4394 voluptatis
554 4285 669 4364 inesse
690 4285 814 4393 potest
841 4286 879 4361 in
909 4283 1052 4363 festivis
1077 4281 1180 4361 hisce
1200 4283 1310 4361 tetri·

160 4424 299 4474 corum
322 4396 456 4476 senum
477 4396 805 4487 altercationibus,
819 4396 945 4503 quaefi
970 4425 1043 4474 non
1064 4397 1101 4472 iu
1121 4394 1315 4502 'liuphonii
