2956 4980
386 201 599 338 Epistolae
628 204 905 301 Familiares.
1140 222 1218 330 387

67 378 417 488 addictumquem
431 400 469 460 te
483 408 608 490 nuper
619 381 748 463 colere
757 380 914 486 jocaris,
926 379 988 460 sed
1004 379 1219 463 facundum

65 489 201 583 illum,
238 491 365 573 Musis
399 512 621 601 acceptum,
655 512 693 573 et
723 492 1014 573 Mercurialium
1044 495 1219 574 virorum

65 603 284 710 praefidem,
303 605 483 712 agnosco.
544 604 682 685 Restat
710 623 753 684 ut
775 604 824 683 de
849 605 996 684 ratione
1023 606 1153 713 aliqua
1180 625 1219 686 et

65 714 190 794 modo
209 715 311 795 inter
331 743 400 797 nos
429 716 593 810 constet,
622 745 703 823 quo
727 717 846 796 literae
873 716 1056 825 deinceps
1082 716 1218 798 nostrae

64 844 175 907 certo
190 827 330 907 itinere
348 829 532 935 utrinque
544 855 766 908 commeare
783 829 937 936 poflint.
999 829 1121 942 Qod
1136 856 1215 909 non

64 939 283 1020 admodum
298 937 459 1021 difficile
476 941 643 1034 videtur,
659 968 753 1022 cum
770 959 828 1020 tot
844 941 962 1021 nostri
974 940 1216 1022 Mercatores

65 1050 227 1156 negotia
245 1053 350 1160 apud
370 1080 453 1145 vos,
479 1049 677 1146 etmulti,
705 1072 745 1132 et
763 1052 894 1160 ampla
914 1049 1096 1146 habeant,
1116 1081 1215 1161 quo-

64 1190 157 1241 rum
184 1163 400 1243 Tabellarii
432 1163 590 1270 singulis
622 1162 879 1244 hebdomadis
905 1165 1008 1243 ultro
1035 1165 1214 1272 citroque

62 1275 271 1368 cursitant3
294 1304 465 1384 quorum
481 1296 521 1356 et
540 1277 695 1384 navigia
714 1276 819 1355 haud
840 1277 967 1355 multo
983 1277 1104 1357 rarius
1121 1274 1214 1357 hinc

63 1385 175 1465 illinc
195 1385 361 1467 solvunt.
422 1389 540 1468 Hanc
560 1415 635 1495 ego
653 1416 790 1469 curam
809 1387 952 1495 Jacobo
969 1387 1214 1495 Bibliopolae,

66 1499 131 1576 vel
159 1498 241 1603 ejus
271 1496 366 1579 hero
397 1498 499 1578 mihi
528 1499 841 1593 familiariffimo,
866 1503 983 1592 redte,
1016 1518 1059 1579 ut
1088 1499 1213 1608 spero,

60 1610 327 1690 committam.
387 1613 455 1691 Tu
470 1613 643 1704 interim,
659 1613 716 1690 mi
731 1610 878 1704 Carole,
890 1609 1050 1703 valebis,
1063 1629 1102 1689 et
1119 1613 1213 1692 Cul-

58 1720 198 1815 tellino,
221 1722 422 1817 Francino,
454 1721 705 1828 Frestobaldo,
734 1723 961 1831 Malatssae,
990 1722 1213 1803 Clementillo

60 1834 223 1926 minori,
243 1835 328 1913 etsi
349 1862 470 1941 quem
489 1836 613 1915 alium
634 1835 750 1914 nostri
766 1836 1024 1913 amantiorem
1045 1833 1209 1931 novisti3

60 1945 135 2022 toti
155 1945 325 2052 denique
350 1946 555 2027 Gaddianae
575 1946 813 2040 Academiae,
834 1945 997 2025 salutem
1024 1972 1114 2026 meo
1139 1973 1212 2026 no·

61 2057 170 2135 mine
190 2058 404 2164 plurimam
424 2059 543 2138 dices.
605 2059 770 2137 Interim
791 2058 888 2137 vale.

148 2168 328 2263 Londino,
345 2171 496 2278 Aprilis
518 2195 584 2250 21.
614 2170 731 2276 1647.

66 2594 129 2645 11.
164 2571 378 2646 Hermanno
395 2565 534 2659 Miltia,
554 2563 726 2642 Comitis
750 2560 1018 2669 Oldenburgici
1035 2560 1209 2639 Oratori.

173 2727 212 2805 D
235 2727 385 2805 Literas
407 2744 504 2818 tuas,
530 2724 783 2804 Nobiliffime
805 2727 1031 2816 Hermanne,
1058 2747 1106 2828 17
1128 2723 1211 2801 De·

199 2837 308 2918 cemb.
331 2838 380 2916 ad
401 2866 465 2916 me
485 2837 607 2929 datas,
628 2854 839 2942 antequam
860 2834 1138 2943 respondeam3
1163 2859 1210 2912 ne

60 2976 128 3026 me
147 2948 288 3028 silentii
306 2968 386 3028 tarn
402 2949 545 3027 diutini
560 2975 672 3028 reum
688 2945 850 3026 fortaffis
862 2946 966 3054 apud
982 2965 1019 3024 te
1033 2970 1209 3053 peragas,

59 3062 239 3168 primurn
259 3063 442 3140 omnium
457 3077 613 3168 oportet
632 3085 843 3166 exponam,
865 3084 934 3136 cur
954 3083 1032 3135 non
1053 3055 1210 3164 respon·

59 3171 196 3251 derem
215 3174 339 3281 prius.
400 3174 582 3251 Primum
599 3171 719 3277 igitur
735 3198 784 3249 ne
800 3168 958 3262 nesciaS,
974 3195 1127 3247 moram
1148 3183 1207 3245 at-

59 3283 165 3377 tulit,
189 3313 275 3392 quae
296 3303 485 3392 perpetua
510 3283 595 3388 jam
622 3280 703 3361 fere
728 3279 980 3360 Adversatrix
1006 3275 1108 3358 mihi
1136 3277 1206 3371 est,

56 3394 212 3475 adversa
228 3396 411 3475 valetudo
425 3427 435 3488 ;
458 3394 598 3474 deinde
615 3394 847 3473 valetudinis
863 3390 987 3484 causa,
1003 3390 1208 3470 neceffaria

56 3508 236 3613 quaedam
252 3525 292 3586 et
305 3506 428 3587 subita
443 3509 483 3586 in
500 3507 597 3585 aedes
613 3505 705 3584 alias
721 3505 921 3612 migratio,
939 3531 1061 3610 quam
1078 3532 1126 3583 eo
1142 3503 1206 3581 die

54 3616 157 3698 forte
176 3619 415 3727 inceperam,
436 3648 517 3726 quo
537 3636 610 3697 tuae
635 3618 683 3696 ad
707 3646 772 3696 me
793 3617 934 3695 Literae
955 3614 1205 3723 perfereban-

54 3748 137 3823 tur;
160 3731 356 3838 postremo
368 3751 472 3810 certe
484 3730 626 3839 pudor,
639 3757 717 3807 non
729 3726 902 3807 habuiffe
914 3755 979 3805 me
991 3727 1206 3834 quicquam

55 3841 105 3920 de
141 3863 209 3922 tuo
244 3844 404 3950 negotio
434 3842 542 3950 quod
571 3860 728 3948 gratum
754 3838 837 3919 fore
865 3839 937 3917 tibi
960 3838 1201 3942 judicabam.

58 3952 170 4032 Nam
189 3981 284 4033 cum
307 3954 492 4062 postridie
516 3955 557 4032 in
579 3952 803 4033 Dominum
824 3950 1005 4053 Frostium
1027 3947 1115 4027 casu
1142 3950 1204 4026 in-

52 4064 244 4159 cidiffem,
265 4094 393 4173 exque
414 4094 461 4146 eo
480 4066 688 4173 diligenter
704 4090 931 4171 quaererem,
958 4059 1110 4167 ecquod
1131 4060 1203 4139 tibi

55 4176 280 4285 responsum
311 4179 531 4257 etiamnum
565 4176 863 4256 decerneretur?
913 4171 1011 4280 (ipse
1043 4168 1203 4250 enimi

58 4289 245 4369 Concilio
265 4291 568 4369 valetudinarius
595 4288 689 4397 saepe
718 4286 892 4391 aberam)
923 4281 1135 4392 respondit,
1164 4301 1205 4361 et

53 4402 294 4480 commotior
313 4402 490 4509 quidem,
512 4398 613 4480 nihil
633 4400 730 4478 dum
748 4397 919 4489 decerni,
936 4395 1050 4503 seque
1071 4395 1110 4471 in
1132 4422 1202 4473 ex-
