2956 4980
392 202 684 312 Prolusrones
710 211 947 307 Oratoriae.
1160 249 1237 332 451

89 382 292 463 advenerit
329 383 417 491 post
451 382 764 492 explorationem
802 385 964 478 camini,
1004 413 1078 492 ego
1114 385 1242 465 statim

90 495 229 573 dixero
251 497 361 601 ignes
381 496 529 576 nostros
542 496 730 601 janitores
750 496 823 576 esse
843 496 985 578 fatuos.
1016 498 1073 576 At
1093 494 1241 577 foelices

91 634 161 686 nos
182 626 222 686 et
242 608 459 688 incolumes
479 625 671 717 perpetuo
696 608 870 690 futuros!
902 611 1028 688 Romae
1055 609 1164 687 enim
1192 610 1240 688 ad

90 717 390 799 diuturnitatem
414 722 573 828 imperii
600 718 854 828 sempiternos
883 721 992 828 ignes
1017 720 1180 799 sollicite
1200 738 1240 798 et

90 828 269 936 religiose
290 830 503 924 servabant,
521 858 590 911 nos
602 832 788 939 vigilibus
808 852 847 912 et
860 833 957 912 vivis
977 832 1134 940 ignibus
1151 830 1238 910 cus·

91 942 293 1021 rodimur:
327 944 438 1054 Qid
461 943 603 1023 dixi
566 945 663 1024 vrvis
691 963 731 1025 et
749 944 962 1052 vigilibus?
993 945 1031 1023 id
1052 943 1169 1023 sane
1158 971 1238 1021 rm-

88 1054 244 1161 proviso
256 1054 362 1162 lapsu
375 1055 671 1163 praetervolavit,
685 1058 833 1166 quippe
848 1082 951 1135 nunc
965 1055 1107 1135 melius
1125 1082 1237 1134 com-

88 1167 271 1260 memini,
285 1194 350 1246 eos
370 1168 500 1275 primo
514 1165 741 1275 crepusculo
756 1169 986 1274 extinguere
1002 1167 1093 1260 sese,
1106 1185 1146 1245 et
1158 1194 1236 1245 non

88 1277 160 1355 nifi
185 1278 291 1358 claro
321 1277 415 1357 sudo
440 1277 515 1357 sese
541 1278 775 1376 resuscitare.
833 1281 1024 1359 Attamen
1057 1278 1139 1386 spes
1165 1278 1235 1371 est,

88 1389 249 1468 tandem
280 1390 425 1470 iterum
450 1391 617 1469 domum
643 1373 813 1470 nostram
842 1390 946 1499 polle
970 1388 1233 1482 inclarescere,

86 1527 183 1580 cum
216 1529 335 1580 nemo
367 1502 560 1581 inficias
548 1504 663 1582 rverit
692 1505 772 1583 duo
803 1503 978 1581 maxima
1011 1501 1235 1580 Academiae

87 1613 322 1693 Luminaria
353 1614 483 1723 nostro
515 1614 685 1742 collegio
715 1615 935 1724 praesrdere3
967 1613 1146 1720 quamvis
1175 1612 1233 1690 illi

86 1724 279 1832 nusquam
301 1726 440 1854 majori
466 1725 631 1804 forent
620 1755 660 1804 m
684 1725 833 1805 honore
855 1754 977 1834 quam
997 1728 1152 1815 Romae;
1144 1724 1234 1802 ·ibi

87 1837 196 1915 enim
217 1838 335 1916 vel
298 1839 467 1943 virgines
481 1837 654 1917 Vestales
674 1839 909 1917 inextinstos
929 1865 1009 1929 eos,
1031 1856 1069 1916 et
1089 1836 1234 1914 insom-

87 1974 156 2027 nes
177 1966 275 2028 totas
295 1952 426 2029 nostes
446 1948 651 2042 servarent,
670 1950 732 2029 vel
752 1950 852 2029 sorte
872 1949 1001 2030 ordini
1022 1945 1234 2056 Seraphico

85 2059 333 2140 initiarentur
351 2060 527 2141 flammei
547 2059 696 2141 fratres,
738 2061 784 2140 In
805 2060 877 2141 hos
892 2062 1061 2167 denique
1082 2061 1233 2169 optime

84 2175 252 2278 quadrat
270 2170 567 2252 Hemistichion
599 2174 696 2253 illud
720 2172 983 2280 Wrgilianum,
1005 2173 1149 2279 Igneus
1180 2171 1236 2250 est

84 2284 174 2363 ollis
188 2286 324 2390 vigor:
356 2286 483 2363 immo
503 2312 603 2392 pene
623 2285 803 2363 industus
820 2283 905 2362 sum
920 2304 964 2362 ut
982 2283 1141 2361 credam
1154 2286 1234 2362 Ho-

85 2395 227 2475 ratium
247 2394 391 2474 horum
408 2396 624 2475 nostrorum
646 2397 800 2502 ignium
821 2396 1066 2474 mentionem
1087 2393 1232 2485 secisse,

86 2507 212 2612 major
231 2509 339 2587 enim
356 2505 515 2599 horum,
529 2508 627 2586 dum
643 2507 715 2586 stat
731 2508 832 2586 inter
846 2507 1058 2613 conjugem
1077 2525 1117 2585 ct
1136 2505 1234 2585 libe·

85 2646 163 2710 ros,
171 2620 292 2698 micat
304 2619 406 2699 inter
416 2646 553 2699 omnes
566 2619 674 2699 velut
686 2619 787 2699 inter
799 2619 909 2726 ignes
921 2621 1034 2698 Luna
1046 2619 1231 2697 minores.

87 2730 186 2810 Non
200 2729 352 2860 polium
370 2752 504 2812 autem
522 2733 716 2839 praeterire
731 2729 876 2810 faedum
894 2729 1029 2810 Ovidii
1044 2757 1232 2822 errorem,

83 2844 156 2948 qui
188 2843 238 2923 src
269 2844 427 2937 cecinit,
456 2845 638 2952 Nataque
674 2841 717 2922 de
740 2842 900 2950 stamma
937 2858 1093 2951 corpora
1130 2841 1234 2920 nulla

83 2953 200 3034 vides.
260 2955 454 3035 Videmus
481 2955 589 3033 enim
615 2954 753 3064 paffim
783 2954 1006 3033 oberrantes
1038 2949 1232 3059 igniculos

83 3063 161 3145 hoc
196 3065 370 3146 nostro
359 3094 451 3174 rgne
480 3066 647 3172 genitos,
674 3063 750 3144 hoc
779 3066 806 3144 fi
836 3065 1036 3172 negaverit
1058 3062 1233 3193 Opidrus,

78 3176 281 3258 necessum
318 3178 478 3258 habebit
510 3179 643 3258 uxoris
670 3177 903 3286 pudicitiam
927 3204 1064 3257 vocare
1094 3177 1134 3254 in
1161 3176 1234 3254 du·

83 3288 212 3368 bium.
271 3292 336 3370 Ad
356 3318 424 3370 vos
449 3291 579 3383 rede0,
599 3291 835 3382 Auditores;
868 3289 934 3368 Ne
955 3316 1022 3368 vos
1047 3288 1236 3395 poeniteat

84 3419 167 3480 tam
189 3401 343 3482 molesti
363 3422 404 3481 et
431 3401 674 3481 formidolosr
702 3401 867 3493 itineris,
889 3427 980 3479 ecce
1004 3399 1232 3478 convivium

82 3513 195 3591 vobis
216 3513 473 3622 apparatum!
503 3540 612 3592 eccas
633 3512 781 3591 mensas
805 3513 852 3591 ad
881 3512 1023 3591 luxum
1043 3511 1234 3616 Perstcum

82 3627 295 3718 extructas,
323 3643 364 3705 et
392 3625 492 3704 cibis
522 3624 850 3731 conquisitiffimis
881 3624 1049 3716 onustas,
1071 3625 1141 3729 qui
1171 3623 1234 3701 vel

82 3734 311 3841 Apicianam
342 3738 477 3844 gulam
511 3735 709 3815 oblectent
743 3753 782 3815 et
812 3735 1025 3815 deliniant!
1085 3736 1234 3813 Ferunt

80 3846 191 3925 enim
222 3849 386 3929 Antonio
417 3867 456 3927 et
486 3847 696 3955 Cleopatrae
723 3851 813 3926 osto
848 3847 1020 3952 integros
1048 3872 1162 3951 apros
1190 3846 1233 3923 in

81 3957 210 4086 epulis
239 3961 447 4088 apposrtos,
473 3959 583 4038 vobis
615 3978 749 4038 autem
781 3958 913 4066 primo
949 3955 1102 4035 forculo
1137 3953 1232 4036 hem

80 4071 368 4198 quinquaginta
387 4070 576 4177 saginatos
596 4097 709 4179 apros
735 4068 892 4149 cervisra
914 4067 1145 4146 conditanel
1163 4095 1234 4176 per

82 4183 298 4261 triennium
320 4201 550 4274 maceratos,
571 4200 611 4260 et
638 4202 770 4261 tamen
793 4178 923 4259 adhuc
942 4179 1039 4257 adeo
1058 4177 1232 4272 callosos,

80 4311 127 4371 ut
146 4293 208 4372 vel
235 4296 394 4374 caninos
420 4294 554 4373 dentes
581 4292 760 4373 delassare
779 4292 945 4370 valeant
1004 4291 1113 4370 Dein
1141 4290 1234 4370 toti·

80 4404 174 4485 dem
186 4407 359 4513 optimos
371 4406 489 4485 boves
503 4404 702 4511 insigniter
713 4405 894 4484 caudatos
907 4401 1090 4482 famulari
1105 4402 1234 4482 nostro
