2956 4980
169 234 246 315 128
571 219 698 312 Artis
725 219 910 349 Logicae
1115 217 1226 317 Lib.
1247 261 1289 316 2.

161 396 398 507 imcundus,
425 394 566 476 salsum
589 396 660 490 est,
689 399 784 505 quia
811 399 1046 479 antecedens
1073 398 1134 479 est
1162 398 1325 480 salsum.

162 511 239 590 sed
263 509 290 589 fi
317 510 555 618 consequens
577 506 699 588 modb
726 537 866 589 verum
894 509 965 604 est,
994 511 1157 591 axioma
1181 540 1325 593 verum

162 624 251 715 erit,
270 622 420 702 etiamsi
435 622 666 701 antecedens
681 649 819 701 verum
839 620 914 701 effe
930 624 1213 703 tantummodo
1226 653 1324 705 con-

159 735 331 814 cedatur.
392 734 486 812 Hoc
505 752 654 812 autem.
716 734 940 843 Quanquam
958 736 1160 816 Menelaus
1167 737 1323 842 formo-

146 844 220 953 stes
238 865 337 940 erat,
356 862 479 924 tamen
498 862 582 925 erat
591 843 804 952 facundus,
832 873 912 925 non
931 846 990 926 est
1007 848 1237 947 discretum,
1259 851 1324 930 [εά

162 985 212 1037 ne
240 957 527 1065 segregativum
556 958 745 1066 quidem:
786 960 917 1037 omnis
946 960 1056 1039 enim
1085 958 1324 1069 segregativi

162 1071 373 1150 axiomatis
391 1089 519 1179 partes
539 1087 728 1177 tanquam
752 1097 831 1149 non
855 1069 971 1150 simul
989 1100 1090 1151 verae
1108 1073 1324 1181 segregan-

162 1202 241 1276 tur,
273 1179 340 1260 hic
373 1179 467 1260 verb
506 1200 694 1289 tanquam
731 1181 847 1260 fimul
878 1210 977 1263 verae
1009 1204 1319 1293 congregantur.

163 1296 384 1404 Quanquam
404 1292 557 1400 Ulyffes
572 1292 771 1400 facundus
789 1312 890 1395 erat,
909 1325 980 1376 non
998 1314 1122 1378 tamen
1145 1314 1235 1377 erat
1261 1299 1321 1377 in-

160 1406 331 1512 dffertus,
351 1405 408 1485 est
426 1405 655 1500 ridiculum,
676 1407 770 1515 quia
787 1425 918 1516 partes
938 1435 1016 1488 non
1037 1407 1126 1489 sunt
1145 1408 1324 1492 discrete

161 1519 224 1599 sed
243 1516 440 1629 oppofitae.

181 1917 184 1923 '
322 1906 446 1985 CAP.
478 1905 596 1985 v111.
657 1906 721 1986 De
739 1906 941 1986 Axiomate
962 1905 1156 2014 disjnnsto.

264 2096 312 2141 r·
340 2082 488 2163 Xioma
516 2078 736 2185 disjunctum
764 2081 813 2189 ast
845 2079 992 2161 axioma
1010 2081 1319 2191 segregationem,

176 2272 184 2304 ›.
289 2217 313 2294 ⁸,
339 2260 343 2275 «
383 2193 488 2301 cujus
507 2191 710 2300 conjunbtio
725 2194 774 2301 est
791 2191 1033 2298 disjunctiva.

176 2307 193 2387 Ῐ
243 2378 267 2410 2.
440 2307 514 2398 Ut,
534 2323 603 2385 aut
627 2304 700 2385 dies
719 2305 781 2414 est,
805 2323 875 2385 aut
892 2336 964 2386 nox
988 2307 1048 2416 est.
1108 2309 1200 2388 Aut
1222 2337 1321 2389 vera

174 2415 183 2425 ⁵
232 2416 245 2447 '
304 2404 343 2461 ⁷*
383 2418 533 2527 esthaec
555 2416 761 2497 enunciatio
791 2434 861 2498 aut
876 2417 1001 2527 falstz.
1070 2419 1183 2499 Nam
1203 2439 1249 2499 ut
1269 2450 1320 2501 ex

162 2530 335 2610 Cicerone
353 2534 496 2610 citatur
515 2527 591 2609 hoc
611 2530 860 2638 exemplum,
875 2530 987 2610 omnis
1001 2531 1320 2613 enuntiationem

160 2641 420 2750 ssautfhffiz,
441 2641 594 2721 videtur
613 2640 687 2721 effe
702 2642 923 2722 distributio
942 2645 1074 2753 potius
1093 2641 1217 2752 qudm
1238 2644 1317 2725 dis-

154 2753 322 2860 junttio.
382 2753 620 2834 Distributio
640 2774 772 2833 autem
793 2773 982 2863 quatenus
1006 2755 1055 2834 de
1080 2774 1165 2835 toto
1193 2758 1319 2839 diviso

160 2886 286 2977 partes
307 2867 573 2961 enuntiantur,
605 2867 763 2946 axioma
782 2867 949 2977 fimplex
969 2887 1008 2947 et
1034 2866 1226 2975 generale*
1245 2870 1318 2964 est,

160 2976 335 3088 adedque
353 3009 430 3060 non
445 2979 707 3090 compofitum
723 2980 870 3059 nedum
882 2980 1135 3085 disjunstum.
1168 2981 1319 3091 Neque

158 3095 266 3172 enim
284 3093 566 3173 distributionis
587 3112 727 3201 partes,
744 3092 923 3199 quamvis
943 3093 1045 3172 inter
1060 3091 1096 3171 se
1113 3093 1317 3203 oppofitae,

157 3205 444 3314 oppositionem
472 3204 534 3283 vel
565 3203 868 3310 disjunctionem
899 3204 1022 3285 ullam
1053 3200 1220 3298 faciunt,
1249 3204 1315 3286 sed

159 3318 289 3396 eidem
310 3318 382 3396 toti
403 3315 672 3422 subjiciuntur,
686 3335 726 3394 et
745 3316 785 3393 in
801 3316 974 3422 ejusdem
994 3317 1183 3426 fimplicis
1198 3319 1315 3398 axio-

159 3431 274 3510 matis
294 3428 553 3536 consequente
574 3428 683 3509 verbi
703 3429 861 3508 vinculo
881 3456 975 3509 cum
996 3447 1094 3523 toto,
1114 3431 1225 3538 quod
1245 3458 1317 3509 an-

159 3543 339 3623 tecedens
370 3541 438 3635 est,
471 3540 740 3635 consentiunt;
774 3560 813 3620 at
840 3560 950 3620 extra
979 3540 1315 3635 distributionem,

160 3654 230 3734 ubi
250 3656 395 3734 nonde
416 3673 514 3746 toto,
543 3653 607 3735 sed
633 3655 681 3732 de
707 3653 838 3761 aliqua
862 3653 944 3758 ejus
968 3673 1077 3762 parte
1097 3654 1162 3733 vel
1186 3654 1315 3764 specie

158 3767 424 3861 enuntiantur,
447 3786 533 3847 tum
556 3768 720 3847 demum
744 3767 902 3845 axioma
925 3765 1164 3872 disjundtum
1188 3767 1315 3846 effici-

158 3900 254 3974 unt;
285 3899 341 3974 ut,
371 3880 478 3988 quod
509 3878 622 3990 supra
648 3878 864 3988 posuimus,
894 3877 975 3959 haec
1007 3877 1212 3959 enuntiatio
1243 3898 1315 3960 aut

158 4022 253 4073 vera
271 3992 319 4101 est
337 3991 534 4099 autfhffa.

215 4105 545 4212 Hicstgnfficatur
564 4103 584 4182 ὲ
602 4101 794 4210 disjunctis
813 4102 961 4183 unicum
979 4130 1112 4183 verum
1130 4101 1209 4212 effe.

216 4220 377 4326 Nempe
393 4217 486 4326 quia
501 4216 676 4326 oppofita
691 4213 757 4295 hic
773 4214 850 4295 sola
866 4215 1019 4324 disponi
1034 4214 1193 4296 debent.
1218 4215 1312 4305 ,At-

159 4361 237 4444 que
262 4331 301 4412 id
327 4330 478 4439 semper
502 4326 524 4409 a
548 4328 752 4408 differente
778 4327 1030 4435 fignificatur,
1062 4329 1214 4409 tametsi
1240 4328 1313 4407 ali-

157 4446 316 4558 quando
345 4443 502 4538 accidit,
533 4463 577 4523 ut
601 4441 885 4548 disjunstorum
909 4441 971 4520 vel
993 4440 1108 4551 plura
1129 4469 1225 4536 uno,
1251 4440 1312 4519 vel
