2956 4980
367 233 658 332 Prolusrones
685 239 922 332 Oratoriae.
1138 274 1218 354 445

71 411 213 507 vestro,
235 430 274 492 et
301 439 440 491 arcano
464 412 645 491 instinctu
673 411 834 492 disertus
862 432 902 492 et
924 412 1071 520 politus
1095 414 1220 495 subito

71 523 251 603 evadam.
312 525 530 631 Utcunque
551 544 682 603 tamen
698 552 781 618 vos,
794 525 1023 618 AuditoreS‚
1036 526 1222 622 obtestor,

72 663 121 715 ne
153 663 274 743 quem
303 634 474 714 vestrfim
509 637 696 744 poeniteat
730 638 828 716 meis
861 637 1056 745 paulisper
1078 639 1222 719 vacasse

29 828 36 839 ,
71 750 211 855 nugis;
244 746 314 856 ipsi
329 749 436 825 enim
454 750 526 826 Dii
545 776 697 842 omnes,
716 748 880 828 coelestis
899 750 1043 857 politiae
1062 752 1154 831 curd
1173 753 1222 831 ad

71 877 229 968 tempus
241 859 427 967 deposrtd,
441 860 755 968 depugnantium
768 858 1100 940 homunculorum
1112 862 1221 971 spec-

72 973 202 1052 taculo
217 972 349 1080 saepius
362 970 574 1051 interfuisse
587 969 859 1081 perhibentur;
882 973 1087 1080 aliquoties
1102 977 1221 1055 etiarn

71 1081 244 1162 humiles
264 1111 343 1162 non
362 1084 562 1190 dedignati
581 1083 703 1178 casus,
716 1103 756 1163 et
772 1112 940 1194 paupere
960 1084 1130 1194 hospitio
1150 1115 1221 1166 ex-

71 1197 192 1303 cepti,
213 1194 319 1274 fabas
340 1214 379 1274 et
399 1196 503 1273 olera
523 1213 724 1275 narrantur
741 1196 917 1275 esrtasse„
960 1197 1134 1278 Obsecro
1154 1200 1221 1278 iti·

71 1307 164 1386 dem
194 1333 269 1414 ego
290 1334 371 1398 vos,
393 1327 510 1414 atque
539 1336 624 1400 oro,
652 1309 865 1387 Auditores
893 1309 1052 1416 optimi,
1074 1329 1117 1390 ut
1144 1309 1221 1390 hoc

72 1447 210 1499 meum
229 1419 462 1526 qualequale
478 1421 747 1498 conviviolum
766 1419 814 1498 ad
834 1419 973 1499 subtile
988 1421 1161 1501 vestrum
1181 1443 1221 1502 et

72 1531 187 1638 sagax
208 1531 382 1639 palatum
403 1529 533 1611 faciat.
570 1533 722 1611 Verum
742 1532 890 1611 etiamsi
910 1557 985 1637 ego
1004 1535 1221 1640 permultos

72 1644 250 1722 noverim
271 1643 419 1723 Sciolos
440 1644 582 1751 quibus
602 1644 888 1724 usitatiffimum
907 1644 977 1736 est,
999 1646 1026 1723 s1
1046 1646 1144 1752 quid
1159 1647 1222 1753 ig-

71 1755 273 1849 norarunt,
288 1756 328 1834 id
345 1755 507 1864 superbe
522 1774 561 1836 et
577 1756 709 1835 inscite
723 1755 827 1865 apud
843 1757 937 1836 alios
954 1777 1220 1853 contemnere,

73 1884 261 1975 tanquam
295 1867 506 1975 indignum
532 1871 597 1947 cui
624 1897 785 1977 operam
821 1866 1052 1977 impendant
1085 1869 1219 1966 suam3

72 1980 411 2087 quemadmodum
425 1981 490 2059 hic
504 1981 764 2060 Dialeeticam
779 1979 916 2059 insulse
924 1980 1222 2090 vellicat,quam

71 2119 276 2200 nunquam
301 2091 445 2200 assequi
469 2093 665 2200 potuerit;
697 2093 763 2171 ille
784 2090 1080 2200 Philosophiam
1107 2094 1224 2175 nihili

72 2200 182 2296 facit,
199 2204 292 2311 quia
312 2202 458 2284 scilicet
476 2203 746 2284 formosissima
759 2204 938 2283 Dearum
952 2205 1106 2284 Natura
1119 2235 1222 2286 nun-

72 2342 194 2421 quam
215 2316 329 2395 illum
350 2317 417 2394 tali
437 2317 595 2422 dignata
614 2316 669 2395 est
688 2315 852 2407 honore,
873 2336 916 2394 ut
940 2315 977 2393 se
998 2316 1144 2395 nudam
1162 2318 1223 2397 illi

72 2429 281 2534 praebuerit
313 2428 576 2508 intuendam:
619 2431 708 2535 Ego
744 2446 875 2507 tamen
908 2427 1151 2508 Festivitates
1182 2448 1224 2510 et

75 2540 195 2633 Sales,
215 2541 255 2618 in
276 2540 419 2648 quibus
439 2569 598 2648 quoque
618 2540 876 2649 perexiguam
903 2540 1070 2648 agnosco
1097 2539 1223 2621 facul-

76 2669 196 2731 tatem
223 2679 369 2745 meam,
397 2681 477 2732 non
501 2653 704 2759 gravabor,
734 2670 778 2730 ut
806 2671 956 2761 poter0,
981 2652 1164 2748 laudare;
1195 2654 1223 2733 fi

72 2763 181 2871 prius
196 2762 274 2845 hoc
290 2793 416 2843 unum
432 2766 631 2859 addidero,
645 2763 751 2872 quod
768 2765 854 2843 sane
870 2765 1037 2843 arduum
1050 2765 1219 2860 videtur,

74 2896 114 2953 et
126 2877 293 2956 minime
305 2877 493 2986 proclive,
506 2905 571 2956 me
585 2877 696 2984 jocos
710 2873 826 2954 hodie
842 2875 940 2954 serib
956 2876 1220 2956 laudaturum.

75 2988 210 3095 Atque
230 2989 271 3068 id
291 3016 369 3068 non
390 2987 592 3068 immerito
607 2988 784 3096 quidem,
797 2987 893 3095 quid
913 2989 1021 3066 enim
1042 2989 1224 3098 estquod

74 3100 190 3180 citius
213 3100 411 3195 conciliet,
431 3101 654 3208 diutiusque
686 3101 849 3180 retineat
876 3100 1081 3193 amicitias,
1102 3128 1223 3209 quam

74 3238 276 3292 amoenum
292 3231 332 3292 et
347 3211 530 3293 festivum
550 3211 783 3319 ingenium?
813 3230 852 3292 et
872 3210 1048 3321 profesto
1068 3213 1133 3291 cui
1153 3212 1223 3292 de-

74 3323 163 3404 sunt
186 3325 294 3418 sales,
318 3344 358 3404 et
383 3325 549 3433 lepores,
574 3343 614 3403 et
637 3324 811 3432 politulae
841 3321 1002 3418 facetiae,
1027 3323 1132 3404 haud
1164 3342 1224 3404 te-

75 3463 183 3516 mere
214 3437 420 3517 invenietis
451 3439 517 3517 cui
545 3436 590 3515 fit
615 3455 746 3542 gratus
774 3455 813 3513 et
836 3456 1031 3544 acceptus.
1092 3437 1224 3517 Nobis

74 3568 223 3642 autem,
248 3548 496 3641 Academici,
522 3549 548 3627 fi
576 3548 795 3655 quotidiani
820 3550 942 3627 moris
972 3548 1065 3627 esset
1091 3549 1224 3629 indor-

74 3662 176 3739 mire
196 3683 236 3740 et
251 3661 356 3769 quasr
378 3662 537 3740 immori
555 3658 829 3769 Philosophiae,
846 3679 886 3739 et
905 3662 1006 3740 inter
1023 3660 1164 3741 dumos
1185 3684 1225 3741 et

74 3771 201 3882 spinas
222 3775 379 3881 Logicae
398 3771 664 3852 consenescere
685 3774 781 3851 citra
801 3773 924 3851 ullam
945 3774 1052 3851 enirn
1073 3774 1222 3852 relaxa-

75 3887 241 3978 tionem,
263 3905 303 3965 et
326 3913 529 3994 nunquam
552 3883 728 3963 concesso
755 3883 964 3991 respirandi
988 3884 1090 3976 loco,
1111 3885 1222 3991 quid,

74 3997 217 4103 quaeso,
245 3997 351 4077 aliud
383 3997 475 4078 effet
505 3992 787 4104 philosophari,
814 4023 932 4102 quam
964 3995 1005 4073 in
1027 3991 1229 4104 Trophonii

74 4128 187 4188 antro
208 4111 423 4202 vaticinari,
444 4129 484 4187 et
504 4107 656 4188 Catonis
676 4107 764 4217 plus
789 4107 912 4186 nimio
933 4107 1050 4214 rigidi
1070 4109 1224 4188 Sectam

75 4219 236 4315 seclari3
268 4223 395 4300 immo
415 4222 588 4299 dicerent
609 4220 669 4298 vel
699 4220 769 4326 ipsi
794 4218 990 4312 rusticani,
1013 4219 1132 4328 sinapi
1152 4246 1223 4300 nos

75 4334 264 4414 vistitare.
325 4334 440 4411 Adde
461 4332 583 4439 quod,
604 4331 941 4439 quemadmodum
963 4333 1031 4438 qui
1053 4332 1164 4410 lucta
1183 4352 1223 4411 et

75 4443 283 4553 campestri
305 4444 397 4524 ludo
410 4443 684 4536 assuescuntse,
699 4443 826 4522 multo
839 4444 983 4522 caeteris
996 4443 1226 4524 valentiores
