2956 4980
474 187 766 289 Prolusrones
793 197 1030 291 Oratoriae.
1244 236 1297 313 42
1304 238 1325 318 3

174 362 326 445 factatis
347 384 547 447 tantorum
566 368 741 446 virorum
757 365 953 448 sententiis
968 370 1074 449 viam
1090 369 1257 448 sternere
1276 371 1323 449 ad

172 476 357 582 gloriam,
378 480 539 587 cupiens
559 477 775 559 inauditam
796 477 897 559 hanc
914 480 1118 560 Coelorum
1136 480 1323 590 sympho-

171 588 297 682 niam,
328 589 654 698 Sphaerarumque
686 590 866 670 modulos
897 593 1050 671 affinxit
1079 594 1320 700 Pythagorae.

172 700 295 808 Qod
316 701 343 780 fi
363 703 415 781 s1c
435 702 579 783 tuliffet
597 704 673 784 five
688 699 829 795 satum,
845 703 921 782 sive
941 702 1032 796 sors,
1049 722 1092 783 ut
1109 724 1174 783 tua
1192 706 1232 783 in
1255 732 1319 784 me

172 814 395 920 Pythagora
403 815 532 907 Pater,
546 812 804 895 transvoldffct
817 816 961 907 anima,
978 815 1083 894 haud
1099 813 1236 924 utique
1250 817 1320 894 de-

171 923 264 1002 esset
284 925 355 1030 qui
375 943 412 1003 te
433 924 548 1005 facile
567 925 758 1017 assereret,
775 928 1025 1031 quantumvis
1042 929 1152 1033 gravi
1164 926 1318 1032 jamdiu

170 1033 414 1115 laborantem
432 1036 608 1117 infamid.
668 1038 724 1114 At
739 1063 832 1115 vero
852 1037 990 1144 quidni
1008 1066 1170 1147 corpora
1185 1037 1318 1119 coeles-
1356 1094 1358 1098 ν

171 1147 240 1239 tia,
260 1148 362 1226 inter
389 1177 577 1257 perennes
601 1147 690 1227 illos
713 1149 915 1242 circuitus,
942 1150 1117 1229 Musrcos
1147 1151 1319 1231 efficiant

168 1257 307 1338 sonos?
338 1261 484 1340 Annon
514 1287 671 1370 aequum
701 1259 773 1339 tibi
799 1261 954 1340 videtur
982 1261 1231 1369 Arssoteles?
1261 1291 1317 1341 nae

168 1397 244 1476 ego
265 1372 331 1450 vix
349 1372 506 1451 credam
522 1371 800 1477 intelligentias
817 1391 900 1451 tuas
919 1371 1180 1451 sedentarium
1199 1374 1316 1453 illum

168 1482 323 1562 rotandi
357 1483 463 1562 Coeli
491 1483 664 1562 laborem
695 1483 858 1590 potuisse
889 1502 946 1563 tot
974 1482 1117 1564 saeculis
1146 1487 1315 1594 perpeti,

168 1594 239 1672 nisr
260 1594 458 1674 ineffabile
482 1594 809 1684 illud.Astrorum
837 1595 959 1673 melos
986 1595 1208 1675 detinuisset
1230 1595 1314 1674 abi-

168 1722 286 1798 turas,
308 1725 348 1784 et
366 1705 654 1785 modulationes
682 1705 941 1785 delinimento
964 1706 1126 1787 suafiffet
1148 1735 1314 1788 moram.

168 1822 306 1924 Qam
322 1817 405 1898 s1tu
421 1818 535 1897 Coelo
550 1818 698 1896 adimas
712 1817 799 1896 sane
815 1835 965 1896 mentes
981 1817 1064 1897 illas
1083 1818 1314 1926 pulchellus,

167 1948 208 2006 et
239 1930 435 2009 ministros
456 1931 565 2009 Deos
592 1928 706 2036 plane
732 1930 771 2006 in
805 1930 1018 2008 Pistrinum
1048 1931 1171 2024 dedis,
1196 1949 1236 2010 et
1266 1930 1314 2009 ad

166 2041 290 2120 molas
312 2041 500 2121 trusatiles
519 2042 694 2120 damnas.
746 2042 979 2151 Qinetiam
1000 2041 1079 2150 ipse
1095 2043 1213 2122 Atlas
1232 2043 1313 2122 rui-

167 2173 254 2231 turo
285 2152 413 2233 statim
440 2153 554 2231 Coelo
576 2153 817 2260 jampridem
847 2151 1082 2232 subduxisset
1112 2151 1312 2246 humeros,

164 2264 236 2343 nis1
265 2265 389 2345 dulcis
418 2265 486 2343 illa
514 2264 718 2344 consentus
747 2261 1012 2357 anhelantem,
1042 2283 1081 2342 et
1106 2282 1214 2343 tanto
1243 2264 1312 2343 sub

163 2403 282 2454 onere
310 2375 582 2457 sudabundum
606 2375 792 2454 laetiffima
817 2375 1017 2485 voluptate
1040 2375 1309 2483 permulfilset.

163 2486 230 2565 Ad
251 2485 346 2580 haec,
379 2487 555 2596 pertaesus
574 2487 688 2566 Astra
707 2487 918 2597 Delphinus
940 2486 1093 2592 jamdiu
1122 2486 1222 2566 coelo
1247 2487 1312 2567 sua

164 2599 405 2708 praeoptdsset
426 2599 560 2692 maria,
582 2599 651 2676 nis1
671 2598 793 2707 probe
812 2598 1014 2691 calluiffet,
1034 2599 1186 2677 vocales
1208 2599 1313 2678 Coeli

166 2711 295 2791 Orbes
334 2714 481 2819 Lyram
518 2710 715 2789 Ariom‘am
746 2709 931 2790 suavitate
970 2710 1087 2816 longe
1118 2706 1309 2818 superare.

166 2822 300 2932 Qid!
331 2824 436 2930 quod
457 2821 642 2902 credibile
659 2822 714 2900 cst
734 2822 856 2931 ipsam
877 2821 1057 2901 alaudam
1076 2823 1205 2930 primd
1223 2822 1311 2902 luce

164 2931 266 3013 recta
283 2936 324 3012 in
345 2935 465 3014 nubes
485 2933 652 3026 evolare,
670 2953 709 3011 et
727 2933 949 3013 Lusciniam
966 2951 1091 3012 totam
1111 2936 1234 3013 noctis
1251 2932 1311 3012 so-

163 3045 373 3126 litudinem
393 3064 509 3125 cantu
530 3045 751 3152 tranfigere,
777 3064 822 3125 ut
840 3044 888 3124 ad
909 3045 1195 3123 Harmonicam
1222 3045 1312 3124 coeli

163 3159 371 3251 rationem,
388 3186 509 3264 quam
529 3175 673 3237 attente
689 3155 918 3248 auscultant,
933 3155 1017 3234 suos
1028 3157 1205 3261 corigant
1225 3184 1311 3235 mo·

162 3268 289 3348 dulos.
350 3270 460 3348 Hinc
485 3296 644 3375 quoque
664 3267 871 3346 Musarum
895 3268 998 3346 circa
1025 3266 1142 3374 Jovis
1160 3267 1312 3348 Altaria

161 3380 245 3460 dies
269 3379 476 3488 noste'sque
507 3378 728 3459 saltantium
756 3378 804 3457 ab
829 3379 969 3457 ultima
997 3405 1130 3456 rerum
1156 3380 1309 3485 origine

161 3491 357 3571 increbuit
373 3490 527 3584 fabula3
549 3490 642 3569 hinc
659 3490 796 3569 Plroebo
816 3490 906 3597 lyrae
926 3490 1065 3597 peritia
1083 3491 1132 3568 ab
1152 3490 1309 3598 longin-

160 3630 239 3709 qua
259 3604 444 3684 vetustate
465 3602 649 3683 attributa
668 3602 735 3684 est.
780 3603 889 3680 Hinc
902 3602 1165 3681 Harmoniam
1180 3603 1309 3711 Jovis,

160 3733 201 3793 et
215 3716 380 3794 Electra
399 3714 509 3795 fuisse
527 3714 650 3793 filiam
670 3714 878 3793 reverenda
889 3713 1056 3792 credidit
1067 3715 1308 3820 Antiquitas,

159 3855 247 3933 quae
265 3854 359 3906 cum
381 3824 516 3907 Cadmo
533 3827 672 3935 nuptui
695 3828 782 3904 data
802 3824 907 3916 esset,
930 3843 1033 3902 totus
1049 3824 1153 3903 Coeli
1166 3823 1308 3905 chorus

159 3937 396 4018 concinuisse
413 3939 571 4018 dicitur.
618 3936 731 4045 Qnd
751 3936 777 4014 fi
799 3935 927 4014 nullus
942 3962 1116 4042 unquam
1136 3937 1177 4014 in
1197 3938 1308 4017 terris

158 4050 352 4130 audiverit
371 4049 473 4130 hanc
492 4050 681 4129 astrorum
695 4046 1008 4155 symphoniam?
1039 4048 1198 4153 Ergone
1217 4076 1307 4127 om-

158 4161 222 4240 nia
241 4162 354 4271 supra
374 4164 495 4241 Lunae
515 4160 715 4270 Sphaeram
735 4178 845 4239 muta
860 4155 1013 4267 prorsus
1032 4177 1161 4252 erunt,
1183 4162 1306 4269 torpi-

158 4274 288 4381 doque
321 4275 470 4353 silentio
508 4272 734 4381 consopita?
784 4271 981 4381 Qinimo
1019 4297 1129 4349 aures
1164 4271 1308 4353 nostras

159 4385 380 4466 incusemus
407 4386 569 4478 debiles,
599 4413 683 4491 quae
705 4403 840 4461 cantus
867 4401 1013 4461 ettam
1040 4382 1173 4461 dulces
1198 4381 1307 4463 sonos
