2956 4980
276 229 510 361 Scriptum
539 232 684 326 Dom.
711 230 1002 325 Protectoris.
1134 268 1213 350 349

62 402 179 482 initio
192 422 407 512 conceptae,
420 431 513 483 cum
527 401 643 508 hujus
659 403 884 513 reipublicae
896 423 1056 483 conatus
1072 404 1111 482 in
1125 403 1217 482 affe-

63 515 220 621 quenda
244 517 363 622 aequis
390 533 507 622 atque
530 511 701 594 honestis
725 514 1017 594 conditionibus
1040 542 1135 623 pace
1155 515 1216 592 in-

63 625 181 704 utiles
200 653 326 733 nuper
346 626 564 717 reddidere,
585 645 672 705 tum
691 627 903 735 praecipuas
924 654 964 705 re
980 654 1070 705 vera
1085 625 1222 704 causas.

67 736 241 846 Philippo
259 736 425 816 secundo
445 735 656 845 praebuere,
684 756 742 831 ut,
762 755 948 843 regnante
969 735 1214 828 Elizabetba,

66 849 278 955 antiquum
294 848 393 927 illud
412 844 561 954 dirique
582 849 816 927 inviolatum
836 846 976 941 foedus,
991 846 1099 956 quod
1119 846 1216 927 huic

66 961 177 1066 genti
189 986 284 1039 cum
300 959 510 1065 majoribus
526 956 622 1062 ejuS,
639 977 720 1038 tam
733 958 973 1066 Burgundici
983 986 1104 1066 quam
1121 958 1232 1064 cast,

67 1070 202 1150 tellani
224 1070 377 1178 generis
407 1068 681 1164 intercefferat,
712 1089 926 1180 rumperet,
954 1089 993 1149 et
1017 1070 1126 1150 illato
1156 1070 1216 1148 illi

67 1183 211 1288 reginae
230 1181 350 1274 bello,
372 1182 573 1261 nationem
599 1178 701 1261 hanc
721 1202 844 1262 totam
867 1181 1124 1287 subigendam
1147 1181 1218 1260 fibi

66 1292 444 1401 proponeret,idque
457 1291 585 1401 ipsum
595 1320 697 1372 anno
711 1293 824 1401 supra
835 1292 1091 1372 millefimum
1102 1294 1219 1400 quin-

68 1404 286 1510 gentefimo
312 1401 654 1510 oetuagefimdque
683 1408 820 1484 octavo
850 1404 966 1507 (dum
992 1406 1140 1497 interea
1168 1405 1218 1482 de

69 1542 165 1623 pace
186 1515 414 1594 stabilienda
438 1515 641 1622 agebatur)
664 1517 776 1594 omni
802 1517 956 1625 impetu
985 1510 1230 1622 aggredere?

70 1644 158 1704 tur:
189 1627 297 1733 quod
328 1626 492 1734 quidem
516 1627 558 1704 in
581 1627 793 1733 Anglarum
819 1628 960 1706 animis
990 1625 1137 1705 neceffe
1162 1625 1220 1703 est

70 1734 200 1816 adhuc
223 1735 299 1816 alte
325 1737 503 1830 reddere,
528 1764 657 1844 neque
686 1737 778 1816 inde
804 1737 909 1845 poffe
940 1734 1055 1816 facile
1086 1737 1222 1815 evelli·

71 1850 126 1927 Et
140 1875 369 1956 quanquam
384 1848 516 1956 postea
532 1876 609 1956 pax
624 1849 801 1955 quaedam
818 1867 857 1928 et
871 1848 1159 1928 commercium
1179 1848 1220 1925 in

75 1961 231 2067 Europa
250 1958 327 2038 fuit
348 1959 545 2067 (quamvis
569 1958 760 2063 ejusmodi
783 1987 986 2067 nunquam
1011 1977 1054 2038 ut
1073 1958 1221 2065 Angla·

71 2090 155 2149 rum
167 2069 375 2177 quisquam
386 2070 495 2149 suam
511 2069 685 2178 profiteri
706 2069 941 2176 religionem
960 2072 1000 2149 in
1014 2068 1221 2176 Hstanica

73 2182 240 2275 ditione,
272 2199 339 2261 aut
363 2180 465 2261 sacra
494 2181 624 2260 Biblia
647 2177 792 2260 habere
823 2181 948 2273 domi,
982 2209 1029 2258 ne
1061 2183 1103 2259 in
1133 2182 1224 2260 navi

71 2292 237 2399 quidem
257 2291 368 2371 ausus
388 2290 525 2397 fuerit)
543 2293 582 2370 in
602 2292 837 2371 Occidentali
853 2310 982 2371 tamen
1003 2288 1113 2369 India
1128 2288 1221 2394 Hff-

67 2420 194 2512 panas
212 2398 417 2511 nunquam
437 2431 487 2482 ex
512 2430 560 2481 eo
584 2421 777 2510 tempore,
801 2420 869 2483 aut
892 2429 1031 2510 pacem
1056 2399 1130 2480 effe
1154 2420 1223 2480 aut
1347 2393 1351 2403 ’

74 2515 363 2601 commercium
383 2513 439 2592 est
457 2513 604 2621 palium
632 2514 782 2593 etiamsi
802 2515 842 2592 in
862 2513 931 2592 illo
951 2510 1097 2591 foedere
1112 2515 1222 2591 Hen-

75 2626 151 2706 rici
166 2627 294 2705 oetavi
313 2627 416 2731 regis
435 2625 604 2731 Angliae,
624 2653 718 2705 cum
740 2624 872 2704 Carula
891 2625 1031 2732 quinto
1050 2624 1226 2732 impera.

76 2755 160 2817 tore
193 2764 296 2816 anno
333 2735 543 2815 millefimo
580 2736 894 2843 quingentefimo
928 2734 1225 2842 quadragesimo

77 2846 245 2927 secundo
265 2849 313 2926 de
334 2867 498 2954 utraque
515 2842 582 2925 illa
601 2875 642 2925 re
659 2846 806 2925 disertis
821 2845 948 2924 verbis
966 2845 1221 2940 conveniffet3

77 2960 119 3036 in
142 2986 225 3066 quo
243 2957 388 3038 foedere
412 2959 648 3036 nominatim
671 2986 750 3067 pax
772 2976 889 3063 atque
913 2956 1084 3034 liberum
1106 2983 1220 3035 com·

79 3070 276 3149 mercium
298 3070 399 3150 inter
421 3067 604 3176 utrdsque
628 3087 668 3149 et
692 3063 950 3173 utrorumque
970 3066 1137 3175 populos
1154 3094 1224 3175 per

79 3207 243 3260 omnem
280 3180 501 3259 alterutrius
532 3180 740 3272 ditionem,
775 3197 924 3286 portus,
955 3197 995 3255 et
1034 3179 1227 3257 territoria

78 3318 322 3399 quaecunque
343 3290 533 3369 sancitum
552 3289 723 3382 est,'s1ne
743 3289 822 3367 ulla
846 3287 1092 3368 Occidentalis
1110 3288 1229 3368 Indiae

80 3404 331 3511 exceptione,
355 3402 534 3508 quamvis
560 3401 670 3478 illam
694 3420 787 3480 tunc
809 3399 995 3507 temporis
1015 3400 1229 3509 imperator

80 3513 147 3591 ille
168 3510 375 3591 obtineret.
881 3563 884 3570 ·

142 3622 265 3732 Qod
289 3641 422 3701 autem
445 3621 493 3699 ad
524 3621 748 3703 articulum„
768 3619 873 3728 pacis
904 3647 974 3727 per
1005 3620 1229 3700 universum

75 3752 276 3813 terrarum
291 3733 429 3812 orbem
445 3731 629 3824 colendae,
644 3732 676 3810 is
691 3732 854 3838 quidem
874 3731 1059 3810 articulus
1079 3731 1120 3808 in
1140 3759 1229 3809 om-

84 3842 200 3923 nibus
225 3844 332 3953 pacis
356 3842 583 3934 foederibus,
606 3869 692 3948 quae
716 3843 817 3919 inter
840 3859 1046 3946 utramque
1069 3858 1231 3945 gentem

84 3981 262 4061 unquam
280 3955 459 4045 extitere,
483 3950 655 4031 dilucide
675 3952 910 4040 continetur,
935 3977 1062 4057 neque
1081 3950 1163 4030 ulla
1181 3952 1231 4031 de

85 4065 329 4145 commercio
346 4065 428 4144 ullo
447 4063 488 4141 in
508 4061 654 4141 foedere
674 4063 854 4168 exceptio
879 4059 1045 4139 habetur
1067 4080 1156 4141 ante
1180 4063 1231 4141 il·

85 4174 156 4256 lud
190 4177 283 4256 anni
321 4174 521 4254 millefimi
552 4172 819 4252 sexcentefimi
850 4173 994 4279 quarti,
1025 4200 1117 4251 cum
1152 4200 1233 4279 quo

88 4283 215 4366 foedus
241 4286 341 4366 illud
364 4284 619 4394 postremum.
633 4283 724 4363 anni
748 4283 946 4362 millesimi
967 4282 1235 4362 sexcentefimi

89 4397 278 4505 trigefimi
296 4395 371 4479 hac
391 4397 439 4476 de
460 4423 500 4474 re
519 4422 590 4504 per
609 4397 743 4476 omnia
761 4393 976 4475 consentit,
1023 4394 1070 4471 ln
1092 4392 1236 4499 quibus
