2956 4980
155 253 175 332 3
183 228 237 332 5⁶·
365 215 600 343 Scriptum
624 215 771 304 Dom.
800 204 1094 304 Protestoris.

153 387 232 480 est;
260 415 347 494 quae
369 406 538 494 quatuor
563 385 739 464 millibus
758 383 984 492 quingentis
1004 399 1044 459 et
1064 377 1305 488 septuaginta

154 497 262 578 libris
282 499 338 576 est
357 498 556 578 aestimata.

211 608 371 690 *Navis
396 612 485 704 alia,
506 611 571 689 cui
592 636 738 687 nomen
765 606 896 714 Castor
914 623 952 685 et
972 603 1126 696 Pollux,
1148 601 1198 680 ab
1215 598 1306 706 Hff·

148 723 261 831 panis
280 723 328 801 ad
350 721 539 802 Floridam
559 740 674 829 capta
693 719 763 812 est,
783 721 855 827 qui
874 737 914 797 et
930 745 1020 796 eam
1038 714 1304 825 publicarunt,

158 834 367 942 nautasque
384 863 521 914 omnes
542 834 604 912 vel
624 849 872 924 necaverunt,
894 830 957 908 vel
980 830 1023 907 in
1042 827 1229 906 servitute
1250 833 1306 904 're-

159 949 374 1039 tinuerunt,
393 945 494 1026 nihil
510 947 618 1025 enim
638 945 686 1024 de
704 945 750 1022 iis
769 941 900 1051 postea
918 941 974 1020 est
989 940 1200 1019 auditum:
1229 935 1307 1015 haec

159 1062 265 1136 navis
281 1086 375 1136 cum
392 1058 460 1136 suo
476 1086 595 1138 onere
615 1056 845 1164 quindecim
864 1054 974 1135 mille
993 1052 1103 1131 libris
1123 1051 1308 1131 aestimata

159 1169 228 1248 est.

217 1283 336 1359 Anno
366 1281 486 1374 1608,
514 1283 620 1361 navis
647 1279 928 1384 Plimoutbensts
951 1276 1149 1357 Richarda
1181 1275 1308 1355 nomi-

161 1415 264 1487 nata,
283 1392 393 1498 cujus
412 1391 614 1501 praesedtus
634 1411 716 1472 erat
740 1392 931 1471 Henricus
956 1389 1141 1484 Clallins,
1158 1389 1309 1469 domini

46 1514 53 1529 '
162 1506 358 1615 Pophami,
380 1505 523 1584 summi
549 1503 936 1611 Angliaejusticiarii,
958 1500 1193 1582 Ferdr'nandi
1211 1504 1306 1582 Gor·

157 1646 236 1724 ges,
250 1619 396 1696 ordinis
408 1617 865 1724 equestris,aliorumque
878 1614 1098 1726 sumptibus
1110 1615 1309 1704 instructa,

162 1749 208 1809 ut
236 1728 445 1835 Virginiam
469 1749 634 1839 peteret,
662 1729 711 1807 ad
737 1727 944 1808 australem
970 1730 1229 1808 Canariarum
1253 1728 1309 1805 in-

163 1840 334 1920 sularum
363 1860 515 1948 partem
544 1844 584 1921 vi
613 1840 891 1948 tempestatum
919 1840 1060 1931 delata,
1096 1867 1194 1918 cum
1222 1838 1310 1918 inde

162 1951 319 2031 cursum
339 1952 386 2029 ad
407 1953 636 2032 destinatam
657 1981 768 2031 oram
789 1951 980 2043 tenuisset,
1007 1951 1077 2031 sub
1103 1952 1309 2032 latitudine

164 2089 216 2168 27
236 2064 432 2170 graduum
456 2066 495 2140 in
518 2066 702 2143 undecim
726 2093 839 2144 naves
860 2063 1086 2173 Hstanicas
1105 2063 1154 2142 ab
1177 2065 1310 2146 Sanllo

164 2176 356 2255 Dominico
383 2177 588 2256 redeuntes
613 2175 714 2256 forts
744 2178 901 2271 incidit;
936 2205 1022 2284 quae
1041 2175 1169 2286 ipsam
1196 2205 1309 2287 cepe-

164 2308 269 2382 runt,
291 2308 330 2367 et
349 2316 576 2397 quanquam
597 2287 798 2398 praefectus
824 2289 930 2367 navis
953 2288 1131 2398 diploma
1155 2293 1310 2397 regium

164 2401 343 2510 protulit,
371 2429 451 2508 quo
477 2402 514 2480 se
535 2402 752 2511 expediret,
782 2420 913 2480 tamen
943 2402 1048 2480 navis
1074 2428 1172 2480 cum
1201 2402 1311 2482 bonis

163 2513 322 2621 publica
343 2511 441 2591 sacta
462 2513 531 2604 est,
553 2513 632 2622 ipse
652 2512 861 2591 crudeliter
881 2510 1050 2606 habitus,
1070 2513 1180 2591 etad
1202 2516 1311 2594 trire-

165 2652 248 2703 mes
266 2622 410 2705 mislus.
471 2625 588 2703 Unde
608 2626 778 2733 amplius
798 2626 877 2703 duo
898 2624 1008 2704 mille
1028 2643 1068 2704 et
1086 2626 1311 2734 quingentae

166 2736 272 2814 librae
290 2736 377 2814 sunt
397 2735 549 2814 amislae.

223 2849 360 2927 Simile
380 2848 569 2956 quiddam
592 2849 679 2925 navi
700 2847 825 2940 alteri,
846 2849 912 2925 cui
933 2875 1076 2926 nomen
1098 2843 1177 2928 The
1191 2849 1310 2959 Ayde,

166 2959 316 3039 fastum
334 2960 389 3040 est
408 2988 428 3038 a
450 2959 632 3040 Lodovico
655 2956 818 3065 Fajardo
837 2979 973 3067 captae,
994 2959 1159 3039 obtentu
1176 2964 1313 3041 amici-

167 3074 252 3166 tiae;
285 3072 366 3151 haec
396 3074 492 3151 item
516 3100 609 3151 cum
639 3071 751 3150 bonis
781 3071 979 3179 publicata
1006 3072 1074 3165 est,
1100 3073 1313 3183 omnesque

167 3205 305 3278 nautae,
322 3187 369 3263 ad
386 3185 562 3263 triremes
582 3185 739 3262 abducti
756 3213 766 3273 ;
797 3183 865 3262 ubi
882 3183 1061 3262 nonnulli
1080 3182 1248 3266 fustibus
1268 3186 1314 3265 ad

167 3325 305 3375 necem
321 3297 462 3405 pulsati
474 3295 572 3389 sunt,
585 3295 692 3404 qudd
709 3296 920 3402 remigium
936 3294 1176 3375 recusassent.
1217 3304 1315 3408 Qae

169 3409 274 3486 navis
302 3428 341 3486 et
373 3409 487 3499 bona,
521 3408 699 3516 Hffparris
726 3408 815 3516 ipfis
846 3407 1136 3502 aestimantibus,
1166 3408 1314 3521 septem

170 3517 344 3596 millibus
364 3519 552 3598 librarum
572 3520 755 3599 aestimata
775 3519 874 3598 sunt.

226 3629 381 3709 Eodem
405 3657 506 3708 anno
535 3633 641 3709 navis
662 3632 751 3722 alia,
778 3635 895 3710 Anna
923 3631 1081 3711 Gallant
1106 3632 1317 3742 appellata,

171 3741 355 3851 magistro
378 3742 554 3821 Gulielmo
577 3746 716 3852 Curry,
743 3772 836 3822 cum
863 3744 909 3821 ad
931 3742 1186 3851 Hispaniolam
1213 3773 1317 3824 mer·

214 4000 234 4041 ⁴*
258 3997 327 4059 Alia
346 3998 431 4060 navis
450 4011 653 4058 mercatorum
672 3995 864 4078 quorundam
882 3993 1114 4079 Londinenstum,
1134 3995 1240 4078 (cu'us
1259 4018 1322 4058 ma-

171 4081 261 4171 gister
276 4099 339 4148 erat
353 4081 485 4169 Journes
503 4081 594 4160 Lock)
610 4080 726 4144 aclalle
743 4080 943 4167 Hispanorum
959 4081 995 4144 ad
1016 4080 1140 4143 insulam
1158 4017 1253 4144 Tirru
1273 4106 1320 4144 am

172 4186 260 4253 capta
271 4167 326 4248 est,
338 4186 496 4251 propterea
511 4168 592 4251 quod
608 4185 810 4231 mercaturam
827 4166 951 4246 fecisset,
967 4182 998 4231 et
1012 4168 1133 4231 arbores
1148 4107 1321 4241 cecidilen

172 4259 212 4320 ob
228 4257 256 4320 id
272 4255 356 4318 navis
372 4253 415 4317 est
431 4255 593 4337 publicata,
612 4271 642 4317 ct
657 4255 849 4316 nauticorum
865 4254 999 4337 plerique
1015 4271 1113 4317 morte
1128 4254 1261 4334 multati,
1277 4277 1324 4317 re·

172 4343 244 4427 liqui
260 4343 296 4405 ad
312 4344 448 4405 triremes
463 4341 612 4403 damnati:
637 4338 688 4404 hic
711 4340 846 4423 quinque
868 4340 995 4404 millium
1014 4358 1045 4404 et
1065 4356 1272 4404 trecentarum
1290 4341 1322 4403 li·

173 4431 294 4494 brarum
306 4427 424 4514 jadiura
440 4426 519 4490 sadia
535 4425 588 4490 est.
