2956 4980
355 105 646 206 Prolusrones
671 113 910 209 Oratoriae.
1137 123 1218 236 465

65 284 175 364 licas.
239 286 515 394 Antiquiffimi
546 287 695 395 quique
730 289 914 395 gentium
948 287 1142 395 indigenae
1176 291 1217 369 in

64 395 180 503 sylvis
200 416 241 476 et
260 398 461 477 montibus
481 398 615 478 errasse
635 399 832 494 dicuntur,
853 398 1027 481 serarum
1047 401 1124 479 ritu
1145 429 1216 509 pa-

64 507 151 588 buli
184 511 511 590 commoditatem
545 510 713 619 sequuti,
745 513 858 592 vultu
902 512 1035 604 eresti,
1079 531 1215 594 caetera

63 622 196 729 proni,
216 621 380 735 putdffes
408 641 545 731 praeter
575 622 711 702 formae
738 624 974 732 dignitatem
1004 619 1105 703 nihil
1135 652 1211 703 non

62 759 278 814 commune
297 762 392 813 cum
411 734 543 813 bestiis
564 733 758 828 habuisle3
789 738 927 815 eadem
947 754 1069 827 antra,
1090 736 1213 815 iidem

62 842 200 952 specus
233 846 381 926 coelum
414 865 455 925 et
482 844 630 953 frigora
658 845 941 940 defendebant;
978 846 1086 925 nulla
1117 868 1211 926 tunc

62 956 171 1050 urbs,
203 986 282 1038 non
312 958 409 1037 aedes
440 986 681 1051 marmoreae,
712 986 791 1037 non
820 987 892 1038 arae
918 960 1115 1051 Deorum,
1143 977 1211 1038 aut

62 1065 153 1147 fana
170 1069 431 1163 collucebant,
446 1098 525 1150 non
544 1070 627 1150 illic
647 1069 703 1149 sas
723 1069 912 1162 sanetum,
929 1069 1106 1148 nondum
1119 1070 1210 1176 jura

60 1179 102 1256 in
123 1178 210 1260 foro
229 1181 473 1276 dicebantur,
487 1182 594 1262 nulla
610 1183 651 1260 in
670 1184 818 1290 nuptiis
833 1182 942 1274 taeda,
957 1208 1035 1260 non
1050 1180 1208 1277 chorus,

61 1291 219 1371 nullum
255 1295 295 1372 in
329 1294 460 1374 mensa
488 1293 633 1399 geniali
662 1321 835 1386 carmen,
867 1293 1021 1372 nullum
1053 1291 1208 1372 solenne

60 1400 224 1498 funeris,
246 1433 323 1485 non
344 1407 486 1500 luslus,
506 1407 574 1485 vix
602 1407 777 1485 tumulus
802 1404 1007 1484 desunstos
1026 1403 1207 1485 honesta-

60 1511 152 1610 bat;
184 1516 291 1596 nulla
324 1520 517 1611 convivia,
552 1519 652 1597 nulli
687 1517 784 1611 ludi,
820 1516 1016 1595 inauditus
1051 1514 1208 1596 citharae

61 1624 190 1721 sonus,
212 1628 293 1736 ipsa
320 1649 414 1710 tunc
439 1630 573 1709 omnia
598 1629 771 1722 aberant,
791 1627 935 1736 quibus
955 1628 1041 1734 jam
1069 1629 1209 1707 inertia

59 1737 109 1816 ad
131 1739 272 1820 luxum
293 1742 481 1821 abutitur.
514 1743 623 1820 Cum
643 1760 802 1851 repente
820 1741 936 1819 Artes
956 1759 996 1819 et
1016 1739 1207 1833 Scientiae,

58 1850 224 1955 agrestia
247 1851 460 1933 hominum
483 1857 641 1962 pectora
664 1854 818 1933 coelitus
842 1849 1040 1945 afflabant,
1064 1870 1104 1930 et
1129 1852 1206 1929 im-

58 1959 174 2042 butos
195 1967 334 2045 notitid
353 1965 410 2045 sui
429 1968 470 2045 in
491 1993 566 2045 una
585 1967 731 2045 moenia
750 1963 962 2075 pellexere.
1023 1967 1206 2076 Qamo·

57 2069 171 2151 brem
202 2095 306 2155 certe
338 2078 481 2185 quibus
515 2077 744 2158 authoribus
773 2075 886 2155 urbes
914 2074 1003 2183 ipsae
1028 2079 1208 2183 primum

57 2186 223 2265 conditae
242 2187 344 2281 sunt,
358 2190 449 2268 dein
470 2188 644 2268 stabilitae
663 2187 816 2296 legibus
829 2186 916 2295 post
931 2186 1099 2265 confiliis
1113 2214 1205 2265 mu-

56 2297 148 2375 nitae
183 2319 368 2406 poterunt
402 2300 540 2380 iisdem
572 2301 692 2380 etiam
730 2296 1054 2406 gubernatoribus
1083 2324 1206 2405 quam

56 2407 270 2490 diutiffime
308 2411 620 2520 foeliciffimeque
644 2412 860 2492 confistere.
922 2409 1034 2521 Qid
1072 2428 1205 2490 autem

56 2518 306 2625 ignorantia?
337 2523 473 2618 sentio,
489 2525 717 2617 Auditores,
732 2523 891 2629 caligat,
908 2522 1050 2630 stupet,
1067 2523 1206 2631 procul

56 2630 127 2724 est,
147 2633 295 2740 effugia
313 2635 594 2745 circumspicit,
611 2639 732 2716 vitam
753 2634 912 2714 brevem
932 2633 1124 2742 queritur,
1145 2662 1205 2713 ar-

55 2760 139 2821 tem
160 2745 343 2852 longam;
375 2749 502 2828 immo
522 2775 614 2826 vero
638 2748 821 2827 tollamus
848 2746 927 2826 duo
955 2771 1096 2852 magna
1124 2744 1204 2824 stu-

54 2855 214 2936 diorum
234 2859 455 2938 nostrorum
475 2861 775 2967 impedimenta,
795 2858 964 2938 alterum
987 2858 1079 2936 artis
1099 2857 1204 2937 male

56 2967 218 3062 traditae,
232 2972 399 3050 alterum
421 2971 555 3051 nostrae
575 2972 751 3078 ignaviae,
764 2999 860 3080 pace
876 2968 1023 3062 Galeni,
1037 2967 1100 3047 seu
1113 2969 1203 3076 quis

54 3077 152 3158 alius
173 3080 239 3159 ille
259 3081 359 3176 suit;
392 3102 520 3163 totum
539 3103 673 3164 contra
691 3086 779 3176 erit,
796 3084 874 3162 vita
893 3081 1012 3187 longa
1031 3107 1092 3159 ars
1112 3079 1204 3159 bre-

54 3190 133 3283 vis;
157 3191 257 3272 nihil
275 3214 356 3273 arte
371 3195 636 3303 praestabilius,
651 3196 826 3303 adeoque
847 3192 1086 3285 laboriofius,
1098 3191 1202 3272 nihil

54 3300 166 3382 nobis
187 3306 355 3412 segnius,
376 3306 476 3386 nihil
505 3306 720 3401 remiffius;
750 3305 799 3386 ab
823 3305 1008 3413 operariis
1031 3322 1072 3382 et
1095 3305 1201 3412 agri-

51 3412 150 3492 colis
169 3419 359 3497 nocturna
376 3437 416 3497 et
435 3418 662 3498 antelucana
682 3417 869 3496 industriai
884 3417 988 3495 vinci
1009 3443 1079 3495 nos
1099 3418 1201 3526 pati-

52 3551 167 3619 mur;
200 3528 259 3606 illi
278 3530 320 3607 in
347 3559 388 3609 re
416 3529 566 3610 sordida
593 3531 641 3608 ad
661 3531 783 3609 vilem
802 3529 953 3608 victum
975 3528 1100 3635 magis
1120 3530 1201 3608 im-

51 3636 158 3743 pigri
175 3637 275 3734 sunt,
287 3669 408 3749 quam
425 3670 494 3722 nos
511 3643 552 3720 in
567 3641 801 3722 nobilissima
816 3641 865 3719 ad
878 3641 1002 3720 vitam
1018 3638 1172 3720 beatam
1187 3671 1197 3734 ;

49 3774 122 3827 nos
142 3778 235 3830 cum
256 3755 304 3832 ad
324 3754 553 3834 altiffimum
579 3771 696 3861 atque
724 3755 923 3861 optimum
949 3751 990 3829 in
1017 3748 1201 3832 humanis
1305 3769 1307 3773 ‘

50 3859 167 3941 rebus
199 3863 427 3973 aspiremus,
452 3893 524 3945 nec
556 3866 730 3946 studium
761 3863 862 3944 ferre
890 3862 1104 3972 possumus,
1128 3891 1201 3943 nec

48 3970 199 4055 inertiae
218 3977 411 4072 dedecus;
443 3979 569 4058 immo
590 3978 712 4086 pudet
730 3975 803 4055 esse
824 3977 880 4068 id,
901 3974 1008 4083 quod
1027 4001 1106 4054 non
1126 3972 1199 4055 ha·

49 4081 135 4163 beri
156 4114 225 4167 nos
250 4089 516 4197 indignamur.
576 4092 633 4170 At
649 4088 865 4169 valetudini
889 4114 1074 4167 cavemus
1097 4083 1199 4166 avi-

47 4197 156 4301 giliis
183 4218 223 4278 et
245 4203 326 4280 acri
345 4201 496 4283 studio:
528 4222 640 4311 turpe
660 4203 782 4293 dictu,
802 4201 983 4280 animum
1003 4198 1199 4278 incultum

48 4311 306 4419 negligimus,
326 4313 424 4393 dum
444 4316 600 4424 corpori
619 4314 850 4406 metuimus,
865 4311 974 4417 cujus
990 4310 1090 4390 vires
1110 4312 1199 4419 quis

109 4451 130 4528 5
620 4454 646 4504 rr
671 4454 696 4504 rr
