2956 4980
158 189 237 292 248
383 173 544 270 Literae
570 169 765 269 Oliverii
782 169 1076 268 Protedtoris.

161 378 240 432 non
256 350 467 431 deerimus.
506 345 1054 430 lntereaCelfitudiniVestrae
1066 343 1146 424 fine
1160 339 1316 421 summo

162 463 297 543 dolore
309 489 621 541 commemorare
633 489 712 540 non
726 460 926 571 possumus
939 478 1084 567 quanta
1096 455 1315 536 inclemen-

164 576 219 655 tia
239 577 338 654 Dux
356 573 623 680 Allobrogum
651 572 823 652 subditos
848 571 934 652 suos
953 571 1196 680 Alpinarum
1222 593 1315 674 qua·

165 687 333 767 rundam
362 686 542 765 Vallium
574 686 718 764 incolas
749 681 1031 764 Orthodoxam
1060 680 1315 786 Religionem

167 800 377 879 retinentes
398 797 651 906 persequutus
672 797 729 876 fit.
791 801 905 906 Qos
920 822 1000 875 non
1016 790 1145 872 solbm
1160 789 1314 870 severis-

167 911 265 991 fimo
286 910 427 991 Edicto
453 929 649 1017 quotquot
676 911 903 989 Romanam
923 906 1178 1013 Religionem
1205 900 1315 981 susci·

167 1050 261 1134 pere
274 1018 496 1101 recusarunt
508 1019 1089 1129 sedesavitas,bonaqueomnia
1098 1016 1315 1122 relinquere

170 1127 491 1241 coegit3verl1m
522 1134 643 1213 etiarn
670 1132 739 1212 suo
761 1135 937 1212 exercitu
964 1131 1124 1210 adortus
1156 1126 1316 1235 est,>qui

174 1247 321 1327 multos
346 1244 608 1325 crudeliffime
631 1245 818 1341 concidit,
843 1244 940 1325 alios
966 1239 1128 1322 barbare
1154 1268 1237 1349 per*
1253 1265 1318 1318 ex·

171 1358 332 1467 quisrtos
351 1358 545 1437 cruciatus
565 1359 733 1451 necavit,
754 1376 908 1467 partem
927 1354 1021 1435 verb
1041 1353 1264 1434 maximam
1282 1350 1317 1428 in

171 1488 328 1550 montes
348 1470 502 1577 expulit
521 1469 627 1549 fame
642 1488 682 1549 et
702 1469 849 1578 frigore
868 1466 1164 1558 absumendam,
1179 1463 1320 1544 exullis

174 1583 372 1675 domibus,
385 1602 427 1661 et
440 1581 546 1688 fiqua
561 1610 699 1661 eorum
711 1581 814 1661 bona
827 1581 876 1661 ab
891 1580 969 1660 illis
984 1577 1235 1661 carnificibus
1249 1599 1321 1655 non

175 1694 248 1774 fint
261 1695 424 1801 direpta.
486 1693 584 1772 Haec
597 1713 642 1772 ut
655 1694 704 1773 ad
717 1721 786 1773 vos
798 1693 1034 1800 jamdudum
1048 1691 1228 1771 nuntiata
1243 1686 1325 1768 sunt

176 1825 216 1885 et
244 1806 478 1885 Celfitudini
501 1803 649 1885 Vestrae
681 1824 830 1886 tantam
860 1805 1133 1886 crudelitatem
1160 1802 1325 1911 graviter

175 1917 426 2026 displicuisse,
449 1936 488 1995 et
506 1919 673 1997 vestram
691 1946 812 2027 opem
830 1936 948 2026 atque
967 1916 1179 2009 auxilium,
1203 1941 1326 2021 quan-

180 2048 267 2109 tum
289 2031 328 2107 in
349 2028 460 2107 vobis
487 2030 556 2123 est,
585 2030 662 2110 illis
688 2029 930 2123 miserrimis,
955 2029 1053 2136 fiqui
1077 2046 1137 2107 tot
1162 2025 1328 2106 caedibus

182 2160 299 2250 atque
316 2139 481 2221 miseriis
494 2140 621 2221 adhuc
633 2141 849 2250 supersunt,
865 2169 943 2221 non
959 2139 1205 2232 defuturum,
1218 2138 1329 2217 nobis

179 2251 295 2333 facile
325 2253 590 2362 persuadetur.
650 2254 739 2334 Nos
769 2254 898 2334 literas
919 2255 1028 2334 Duci
1055 2249 1258 2332 Sabaudiae
1284 2247 1331 2328 ad

179 2366 471 2475 deprecandum
504 2366 585 2471 ejus
623 2363 822 2446 infensum
853 2368 895 2446 in
926 2367 1012 2447 suos
1042 2366 1224 2445 animum
1248 2362 1334 2468 jam

181 2477 424 2586 scripfimus3
447 2478 543 2557 ficut
558 2496 598 2557 et
611 2479 822 2559 Gallorum
836 2480 955 2585 Regi,
974 2478 1080 2557 idem
1097 2494 1142 2556 ut
1160 2476 1193 2554 is
1210 2476 1334 2553 etiam

182 2591 279 2669 velit
302 2587 454 2682 facere3
485 2590 623 2668 vicinis
651 2591 821 2699 denique
847 2590 1085 2671 Reformatae
1112 2587 1337 2693 Religionis

187 2700 437 2809 Principibus
459 2702 516 2779 uti
536 2701 584 2780 de
605 2701 672 2781 illa
693 2703 834 2783 saevitia
854 2722 935 2783 tam
957 2701 1124 2782 immani
1142 2699 1241 2808 quid
1268 2723 1340 2776 nos

183 2811 391 2892 sentiamus
413 2812 633 2920 intelligere
655 2815 820 2924 poffint:
841 2843 931 2922 quae
945 2841 1173 2922 quanquam
1191 2812 1232 2890 in
1249 2809 1340 2889 illos

185 2926 321 3036 inopes
341 2925 520 3034 primum
539 2946 667 3034 coepta
686 2926 755 3020 est,
771 2927 876 3006 idem
899 2948 1030 3007 tamen
1045 2922 1229 3005 omnibus
1245 2949 1343 3001 ean·-

184 3039 278 3117 dem
305 3038 539 3143 religionem
565 3038 839 3146 profitentibus
865 3042 1062 3119 minatur:
1094 3062 1220 3144 eoque
1251 3061 1342 3113 ma-

180 3149 311 3254 jorem
342 3151 419 3229 illis
458 3149 719 3258 prospiciendi
757 3150 827 3230 fibi
864 3153 906 3230 in
942 3178 1156 3231 commune
1188 3144 1344 3254 suisque

187 3260 371 3340 omnibus
390 3261 617 3342 consulendi
643 3263 906 3344 neceffitatem
932 3262 1127 3373 imponit:
1157 3285 1281 3367 quam
1303 3275 1345 3336 et

188 3400 258 3452 nos
278 3373 443 3451 eandem
464 3375 670 3468 rationem,
699 3395 817 3484 prout
836 3379 947 3456 Deus
967 3374 1079 3454 nobis
1099 3374 1140 3452 in
1160 3371 1344 3450 animum

186 3484 400 3576 induxerit,
415 3483 566 3595 semper
581 3485 802 3594 sequemur.
862 3488 909 3567 ld
921 3483 1239 3595 quodCelfitudo
1252 3484 1341 3561 ves-

189 3615 248 3674 tra
286 3594 514 3705 persuadere
554 3597 624 3677 fibi
663 3601 809 3708 poterit
839 3597 1177 3706 quemadmodum
1214 3613 1255 3674 et
1295 3593 1345 3672 de

193 3708 377 3815 fingulari
407 3709 537 3788 nostro
568 3738 661 3816 erga
695 3710 732 3790 se
766 3711 892 3791 studio
920 3730 1038 3819 atque
1069 3708 1228 3799 affectu,
1259 3705 1346 3811 qud

190 3820 393 3929 prosperos
424 3848 557 3900 rerum
586 3824 770 3904 omniurn
797 3821 984 3905 successus
1015 3821 1126 3900 vobis
1155 3813 1348 3899 animitbs

190 3951 449 4040 exoptamus3
475 3953 516 4013 et
533 3934 657 4013 vestra
677 3936 846 4044 incoepta
865 3936 1001 4015 omnia
1024 3953 1140 4041 atque
1165 3949 1348 4022 conatus,

192 4044 335 4151 quibus
356 4045 565 4152 Evangelii
584 4046 861 4155 cultorumque
881 4048 963 4154 ejus
988 4044 1160 4126 libertati
1184 4041 1349 4122 studetis

193 4153 366 4235 foelicem
388 4160 542 4237 exitum
562 4158 689 4239 sortiri
708 4159 902 4240 volumus.

277 4266 383 4347 Alba
403 4270 523 4348 Aula.
547 4273 642 4380 May
670 4274 715 4352 16
722 4299 742 4377 5
751 4298 787 4378 ς.
