2956 4980
370 226 586 364 Epistolae
614 229 894 327 Familiares.
1128 245 1204 352 383

52 406 259 514 expeditas
276 406 396 485 modo
408 403 669 515 Typographi
687 432 839 499 manus,
852 425 891 483 et
904 403 1104 513 μαιευτικῆν
1120 407 1208 516 pos

53 535 144 597 cere
164 518 418 613 videbantur;
451 521 595 627 partim
617 517 683 597 tui
712 517 830 626 operi
856 520 1077 599 etiamnum
1096 519 1208 615 editi,

55 629 196 737 paffim
229 628 277 709 ab
308 630 470 710 eruditis
502 631 615 709 avide
649 630 921 737 accipiuntur3
963 658 1135 737 quorum
1168 652 1209 712 et

57 742 174 821 unius
205 743 326 823 etiam
359 742 508 851 duplici
541 742 645 821 dono
679 741 746 821 abs
779 760 816 820 te
847 745 982 821 auctus
1012 744 1206 822 dimittor.

56 854 170 932 Tum
203 882 275 933 nec
307 854 420 934 aliter
448 855 700 947 crediderim,
721 881 841 961 quam
868 882 953 961 quae
985 873 1028 933 tu
1059 856 1107 933 de
1141 883 1206 935 me

57 964 177 1044 verba
216 964 354 1047 seceris
391 966 439 1045 ad
479 966 831 1075 praestantiffimum
868 966 1028 1045 Cardin.
1064 969 1205 1049 Franc.

58 1076 326 1172 Barberinum,
348 1080 395 1158 iis
424 1077 574 1157 factum
592 1077 681 1170 esse,
702 1099 746 1156 ut
770 1105 863 1157 cum
883 1077 950 1157 ille
970 1080 1103 1187 paucis
1123 1081 1209 1188 post

59 1189 199 1270 diebus
234 1186 397 1299 ἅκρὸωμα
431 1190 530 1269 illud
563 1191 765 1269 Musrcum
798 1188 1091 1296 magnificentiis
1121 1220 1210 1272 vere

60 1303 230 1382 Romana
255 1303 412 1411 publice
442 1301 662 1395 exhiberet,
686 1300 766 1410 ipse
793 1330 858 1380 me
888 1320 993 1381 tanta
1025 1303 1065 1380 in
1095 1305 1209 1384 turba

57 1413 263 1519 quaefitum
282 1416 330 1495 ad
351 1413 453 1494 sores
474 1417 697 1521 expectans,
718 1432 758 1493 et
777 1441 876 1522 pene
896 1441 1017 1493 manu
1039 1413 1209 1521 prehen-

61 1524 148 1604 sum
181 1527 338 1634 persane
369 1525 585 1606 honorifice
613 1527 715 1606 intro
740 1523 951 1604 admiserit.
1012 1526 1105 1635 Qd
1134 1555 1209 1634 ego

57 1638 185 1743 gratiss
216 1667 311 1718 cum
349 1639 465 1718 illum
504 1638 689 1746 postridie
720 1636 928 1717 salutatum
961 1637 1208 1731 acceffiffem,

63 1767 147 1828 tute
167 1750 276 1829 idem
293 1749 420 1831 rursus
442 1753 473 1830 is
493 1779 589 1844 eras,
610 1751 680 1857 qui
706 1767 746 1827 et
768 1750 921 1829 aditum
946 1749 1048 1827 mihi
1068 1748 1209 1845 fecisti,

62 1878 103 1939 et
122 1862 375 1970 colloquendi
393 1864 550 1971 copiam
565 1893 576 1953 ;
597 1890 683 1969 quae
698 1861 865 1967 quidem
877 1889 971 1940 cum
988 1879 1095 1941 tanto
1111 1864 1211 1957 viro,

61 1999 144 2080 quo
164 1974 284 2053 etiam
305 1976 344 2053 in
366 1974 521 2054 summo
548 1974 748 2080 dignitatis
773 1971 928 2081 fastigio
949 1971 1050 2052 nihil
1070 1973 1210 2082 benig-

64 2084 166 2179 nius,
186 2085 287 2165 nihil
318 2084 546 2178 humanius,
567 2114 639 2194 pro
667 2085 746 2163 loci
772 2104 812 2164 et
843 2087 1031 2194 temporis
1063 2089 1211 2166 ratione

64 2196 297 2303 largiuscula
317 2198 493 2307 profesto
513 2199 642 2306 potius
671 2215 767 2290 erat,
786 2225 907 2304 quam
933 2198 1052 2276 nimis
1079 2225 1209 2305 parca.

64 2309 200 2416 Atque
220 2339 295 2417 ego
310 2311 561 2414 (Dostiffime
575 2308 755 2416 Holsteni)
773 2329 906 2388 utrum
927 2309 1006 2416 ipse
1023 2309 1093 2387 sim
1109 2310 1210 2393 solus

62 2437 146 2499 tam
171 2450 236 2500 me
261 2424 450 2515 amicum,
479 2441 519 2501 et
548 2420 743 2529 hospitem
774 2438 974 2529 expertus,
999 2449 1048 2499 an
1073 2450 1211 2503 omnes

62 2533 225 2639 Anglos,
245 2534 286 2613 id
314 2535 486 2644 spestans
510 2533 657 2613 scilicet
685 2532 792 2639 quod
819 2532 1033 2612 triennium
1057 2533 1212 2615 Oxoniae

66 2645 211 2725 Literis
223 2674 384 2755 operam
395 2646 562 2740 dederis,
575 2643 790 2724 istiusmodi
806 2645 945 2723 officiis
959 2645 1077 2724 etiam
1094 2646 1212 2754 quos-

65 2782 224 2864 cunque
273 2758 426 2866 rosequi
454 2757 628 2838 studium
655 2757 714 2851 fit,
733 2775 838 2836 certe
866 2755 1008 2835 nescio.
1069 2760 1109 2836 Si
1134 2756 1212 2838 hoc

67 2866 138 2961 est,
151 2787 316 2977 pulchre
337 2889 379 2949 tu
395 2872 557 2977 quidem
570 2869 726 2974 Angltir
740 2869 889 2960 nostrae,
901 2895 952 2946 ex
969 2887 1076 2976 parte
1092 2870 1212 2949 etiam

66 2997 156 3073 tuae,
172 2976 383 3063 διδασκάλια
401 2981 608 3091 persolvis;
641 2977 871 3089 privatdque
887 2977 1064 3058 nostrbm
1084 2980 1211 3085 cujus-

65 3116 145 3197 que
180 3094 356 3187 nomine,
390 3112 430 3173 et
464 3095 595 3201 patriae
626 3092 802 3201 publico,
833 3117 966 3200 parem
1003 3092 1213 3200 utrobique

66 3204 234 3309 gratiam
254 3206 501 3315 promereris.
553 3205 621 3283 Sin
641 3204 696 3283 est
713 3203 828 3296 illud,
841 3203 1035 3281 eximium
1055 3230 1120 3283 me
1141 3204 1215 3284 tibi

66 3341 146 3422 prae
165 3317 310 3396 caeteris
326 3315 522 3408 habiturn,
537 3316 782 3425 dignumque
799 3314 896 3393 adeo
909 3313 1034 3393 visum
1048 3316 1213 3422 quicum

67 3426 164 3506 velis
184 3423 294 3527 ξενίαν
314 3429 495 3521 ποιεῖσθαι,
520 3424 682 3506 etmihi
701 3427 875 3534 gratulor
894 3425 943 3503 de
964 3444 1032 3506 tuo
1046 3427 1213 3534 judicio,

66 3556 107 3617 et
120 3556 234 3617 tuum
251 3539 365 3619 fimul
379 3541 589 3619 candorem
606 3566 683 3647 prae
700 3566 790 3617 meo
807 3539 948 3617 merito
961 3566 1081 3647 pono.
1121 3541 1215 3644 Jam

64 3648 165 3728 illud
185 3679 277 3730 vero
297 3653 405 3758 quod
432 3648 535 3730 mihi
561 3652 768 3758 negotium
788 3648 931 3729 dedisse
949 3650 1146 3745 videbare,
1166 3653 1215 3731 de

67 3759 310 3869 inspiciendo
329 3764 465 3843 codice
485 3759 665 3856 Mediceo,
695 3760 827 3840 sedulo
847 3761 895 3840 ad
915 3762 1063 3841 amicos
1082 3763 1214 3857 retuli,

67 3874 139 3979 qui
157 3874 322 3980 quidem
342 3873 423 3979 ejus
451 3876 507 3953 rei
533 3874 745 3954 efficienda
765 3871 873 3979 spem
898 3874 1155 3980 perexiguam
1175 3875 1216 3953 in

67 3984 230 4092 praesens
256 3987 478 4066 ostendunt.
539 3986 586 4065 In
613 3985 681 4064 illa
703 3981 964 4075 Bibliotheca,
992 3983 1062 4062 nisr
1088 3984 1217 4094 impe-

68 4095 167 4175 trati
186 4097 295 4206 prius
311 4098 439 4192 venia,
457 4094 555 4176 nihil
574 4095 679 4206 posse
699 4092 880 4188 exscribi,
896 4121 945 4172 ne
961 4094 1107 4200 stylum
1126 4100 1216 4205 qui·

68 4207 162 4287 dem
182 4208 430 4318 scriptorium
454 4208 664 4288 admovisse
693 4206 833 4286 tabulis
859 4205 1112 4314 permiffum3
1143 4210 1218 4290 esse

69 4338 202 4400 tamen
235 4324 344 4402 aiunt
373 4324 500 4401 Romae
523 4319 709 4427 Joannem
733 4318 938 4427 Baptssam
965 4318 1161 4414 Donium,
1186 4321 1218 4400 is

66 4433 113 4512 ad
144 4433 328 4540 legendas
357 4432 514 4542 publice
539 4434 695 4512 Graecas
721 4431 870 4509 Literas
892 4429 1119 4512 Florentiam
1147 4461 1218 4513 vo-
