2956 4980
155 206 237 308 466
441 180 736 283 Prolufiones
761 185 1001 282 Oratoriae.

158 390 237 441 non
275 359 502 453 imminuat,
527 388 607 468 quo
646 360 811 467 majores
849 361 1101 467 acquirantur
1141 361 1301 440 animo?

157 501 385 582 quanquam
407 492 513 552 certe
533 473 603 580 qui
622 470 706 552 haec
732 470 937 553 causantur
961 471 1212 580 perditissimi
1231 474 1307 581 ple·

160 588 288 693 rique,
320 583 469 689 abjediai
498 585 610 663 omni
642 584 845 692 temporiS,
880 585 1045 692 ingenii,
1082 585 1310 665 valetudinis

159 700 267 792 curis,
282 696 544 790 comessando,
560 696 698 776 belluae
714 697 873 775 marinae
887 698 936 775 ad
951 724 1107 775 morem
1127 699 1311 806 potando,

162 812 263 889 inter
282 807 405 887 scorta
424 827 465 887 et
490 808 617 887 aleam
642 808 923 918 pernodtando,
944 807 1071 888 nihilo
1091 807 1129 888 se
1150 808 1312 888 infirmi-

161 950 247 1002 ores
272 918 394 999 fastos
414 939 645 1027 queruntur.
706 921 816 999 Cum
845 921 976 1027 itaque
1005 921 1055 1000 src
1083 918 1120 1000 se
1147 921 1316 1001 afficiant

162 1051 280 1142 atque
299 1031 523 1126 assuescant,
544 1050 588 1110 ut
607 1030 655 1110 ad
679 1059 843 1111 omnem
865 1031 1155 1140 turpitudinem
1176 1034 1315 1112 strenui

164 1164 280 1253 atque
300 1143 468 1237 alacres;
499 1143 547 1221 ad
567 1171 704 1223 omnes
724 1144 880 1223 virtutis
906 1145 1077 1224 actiones
1104 1163 1144 1224 et
1169 1145 1316 1252 ingenii

164 1253 324 1336 hebetes
344 1274 383 1334 et
404 1255 581 1361 languidi
601 1255 689 1348 sint,
703 1255 866 1364 culpam
886 1256 927 1333 in
948 1274 1129 1335 naturam
1145 1275 1214 1336 aut
1233 1259 1317 1335 vitae

140 1374 145 1380 ’
166 1367 397 1447 brevitatem
418 1364 514 1446 falso
533 1386 573 1447 et
592 1368 728 1474 inique
751 1365 1004 1447 transferunt.
1037 1369 1161 1478 Qud
1182 1369 1209 1448 fi
1230 1397 1317 1447 mo-

168 1480 272 1559 deste
292 1507 337 1559 ac
358 1496 622 1587 temperanter
640 1481 762 1560 vitam
790 1480 986 1586 degend0,
1006 1481 1157 1588 primos
1178 1479 1318 1561 feroci-

169 1593 271 1672 entis
297 1592 416 1669 aetatis
442 1593 614 1700 impetus
643 1592 791 1671 ratione
821 1611 861 1671 et
887 1593 1078 1700 pertinaci
1101 1593 1320 1672 studiorum

171 1703 387 1782 assiduitate
408 1703 617 1783 mallemus
636 1704 835 1797 edomare,
848 1704 1045 1785 coelestem
1066 1705 1193 1783 animi
1212 1706 1321 1812 vigo·

170 1844 256 1894 rem
275 1812 323 1892 ab
342 1816 454 1893 omni
474 1815 708 1923 contagione
733 1834 773 1895 et
796 1817 1094 1924 inquinamento
1117 1844 1267 1926 purum
1285 1834 1323 1894 et

170 1927 361 2006 intactum
380 1924 596 2020 servantes;
627 1927 857 2007 incredibile
877 1927 984 2025 esset,
1005 1929 1235 2021 Auditores,
1251 1955 1321 2007 no·

169 2037 230 2117 bis
244 2038 329 2146 post
340 2064 461 2118 annos
472 2040 625 2147 aliquot
636 2038 933 2149 respicientibus
945 2060 1140 2149 quantum
1153 2040 1322 2150 spatium

171 2148 392 2242 confecisse,
412 2179 533 2259 quam
553 2151 691 2257 ingens
711 2180 842 2259 aequor
858 2153 1087 2233 eruditionis
1104 2152 1220 2232 cursu
1241 2152 1322 2261 pla·

170 2264 261 2342 cido
296 2261 488 2368 navigasse
519 2261 759 2342 videremur.
819 2264 899 2342 Cui
932 2282 972 2343 et
1004 2265 1080 2343 hoc
1115 2266 1322 2372 egregium

171 2374 308 2453 afferet
326 2373 625 2483 compendium,
647 2375 674 2452 fi
702 2376 791 2482 quis
819 2375 925 2455 ndrit
950 2394 990 2454 et
1012 2396 1113 2455 artes
1134 2377 1267 2468 utiles,
1287 2393 1325 2453 et

172 2486 285 2564 utilia
304 2487 344 2563 in
365 2485 512 2566 artibus
531 2491 635 2567 reste
651 2485 827 2593 seligere.
888 2489 1000 2595 Qut
1019 2486 1106 2566 sunt
1126 2486 1323 2596 imprimis

174 2599 539 2677 Grammaticorum
570 2617 611 2677 et
639 2596 863 2678 Rhetorum
895 2627 1008 2706 nugae
1036 2598 1322 2708 aspernabiles?

173 2709 305 2788 audias
326 2709 366 2785 in
387 2711 570 2790 tradenda
599 2730 681 2789 arte
712 2709 778 2791 sua
809 2710 896 2790 illos
925 2712 1084 2790 barbare
1104 2711 1323 2820 loquentes,

173 2819 245 2900 hos
266 2818 552 2901 infantiss1mos.
613 2823 723 2930 Qid
743 2823 920 2928 Logica?
979 2825 1134 2928 Regina
1160 2825 1324 2931 quidem

173 2934 241 3013 illa
261 2934 406 3012 artium
423 2933 449 3011 fi
471 2962 542 3042 pro
558 2934 749 3041 dignitate
767 2938 975 3014 tractetur:
1006 2933 1162 3013 Athen
1181 2954 1325 3042 quanta

175 3045 230 3124 est
256 3047 297 3123 in
326 3047 475 3124 ratione
503 3045 670 3124 insania!
702 3073 781 3124 non
806 3042 873 3124 hic
901 3045 1099 3140 homines,
1120 3046 1183 3126 sed
1211 3049 1325 3155 plane

174 3155 418 3236 Acanthides
438 3157 591 3236 carduis
612 3177 650 3236 et
670 3157 787 3265 spinis
804 3156 1024 3237 vescuntur.
1060 3160 1098 3236 Ο
1116 3159 1213 3237 dura
1226 3158 1326 3263 Mes-

160 3269 292 3375 sorum
319 3269 407 3348 ilia!
447 3269 558 3379 Qid
586 3288 762 3377 repetam
786 3270 910 3367 illam,
930 3298 1051 3378 quam
1078 3268 1327 3378 Metaphyfi-

175 3410 262 3461 cam
284 3398 426 3460 vocant
444 3381 704 3489 Peripatetici,
721 3408 798 3458 non
820 3402 960 3475 artem,
981 3382 1327 3490 locupletissrmam

176 3494 325 3601 quippe
346 3521 411 3571 me
432 3493 541 3571 ducit
562 3519 797 3598 magnorum
812 3495 986 3573 virorum
1004 3492 1233 3586 authoritas,
1250 3521 1327 3572 non

176 3623 301 3682 artem
323 3605 485 3711 inquam
506 3603 757 3712 plerumque,
777 3604 841 3684 sed
863 3605 1030 3685 infames
1050 3605 1244 3713 scopulos,
1265 3604 1328 3683 sed

177 3719 344 3796 Lernam
375 3716 574 3823 quandam
606 3715 900 3825 sophismatum
931 3720 979 3796 ad
1011 3715 1264 3822 naufragium
1290 3735 1330 3795 et

78 3846 80 3848 ’
175 3829 325 3938 pestem
344 3828 635 3934 excogitatam?
666 3827 747 3907 haec
765 3829 831 3907 illa
847 3858 933 3937 quae
949 3827 1061 3938 supra
1077 3829 1246 3907 memini
1268 3848 1330 3907 to-

177 3961 274 4049 gatae
297 3940 525 4047 ignorantiae
547 3940 708 4020 vulnera
736 3941 845 4035 sunt;
877 3939 957 4019 haec
984 3941 1122 4019 eadem
1149 3940 1331 4020 cucullo-

177 4081 266 4132 rum
288 4052 431 4131 scabies
451 4053 571 4131 etiam
599 4053 647 4132 ad
676 4054 910 4133 Naturalem
933 4050 1230 4162 Philosophiam
1252 4052 1330 4131 late

177 4165 444 4274 permanavit:
475 4182 592 4243 vexet
617 4163 926 4244 Mathematicos
952 4166 1332 4245 demonstrationum

177 4278 302 4356 inanis
338 4275 529 4382 gloriola;
566 4275 629 4355 his
660 4275 845 4356 omnibus
877 4306 963 4385 quae
994 4275 1096 4357 nihil
1124 4275 1333 4385 profutura

178 4388 266 4470 sunt
300 4387 442 4468 meritb
475 4390 714 4499 contemptis
745 4408 785 4469 et
820 4393 1048 4498 amputatis,
1078 4389 1336 4469 admirationi
