2956 4980
458 188 751 290 Prolufiones
774 195 1013 291 Oratoriae.
1231 230 1313 312 455

158 383 199 443 et
219 364 404 472 Lycaonis
430 363 575 447 feritati
600 367 773 446 nimium
799 369 891 448 esset
917 368 1055 463 affine;
1088 393 1160 446 nec
1181 394 1311 445 mem·

158 475 322 556 brorum
343 475 536 585 infignibo
556 478 797 573 nominibus,
820 508 868 558 ne
897 480 1043 590 putetis
1065 507 1129 558 me
1154 507 1226 586 pro
1253 479 1314 556 in-

159 589 279 694 tegris
299 585 528 672 hominibus
548 608 607 670 tot
632 590 752 670 frusta
771 589 983 672 hominum
1007 589 1204 698 genuiffe;
1237 617 1311 669 nec

159 699 208 778 ad
239 701 424 780 vinorum
453 729 596 808 genera
623 729 689 782 eos
720 730 946 812 nuncupare
977 704 1122 813 volupe
1154 702 1224 794 est,
1261 729 1310 780 ne

159 811 354 918 quicquid
385 814 537 907 dixero,
562 812 607 892 fit
634 809 903 920 οἱπροσὸίονυσον,
933 833 972 895 et
999 813 1100 894 nihil
1127 814 1175 892 ad
1205 815 1309 893 Bac-

158 921 296 1015 chum;
326 924 417 1002 volo
444 925 492 1003 ad
520 925 914 1034 praedicamentorum
935 953 1148 1006 numerum
1176 925 1308 1004 nomi-

160 1051 287 1128 natos,
305 1053 350 1114 ut
368 1036 419 1115 fic
438 1054 478 1116 et
495 1036 686 1144 ingenuos
702 1037 846 1118 natales
866 1057 906 1118 et
923 1037 1125 1118 liberalem
1141 1039 1228 1116 vitae
1249 1066 1310 1116 ra·

160 1147 313 1225 tionem
332 1148 577 1256 exprimam;
609 1169 648 1227 et
668 1150 806 1229 eadem
825 1177 943 1260 opera
961 1150 1121 1244 curabo,
1142 1150 1201 1228 uti
1221 1178 1310 1227 om-

159 1285 229 1337 nes
249 1260 297 1338 ad
316 1257 491 1367 aliquem
511 1260 677 1366 gradum
697 1281 785 1341 ante
805 1290 941 1342 meum
960 1262 1116 1341 obitum
1136 1258 1310 1369 provecti

161 1371 248 1452 sint.
311 1370 433 1482 Qod
457 1372 506 1450 ad
535 1371 639 1471 Sales
664 1401 773 1453 meos
799 1375 890 1452 nolo
918 1401 993 1481 ego
1019 1371 1237 1465 edentulos,
1258 1372 1309 1450 fic

159 1484 270 1563 enim
291 1485 417 1576 tritos,
439 1501 478 1562 et
498 1501 646 1564 veteres
673 1485 823 1579 dicatis,
845 1503 885 1564 et
912 1485 1109 1565 aniculam
1135 1484 1308 1590 aliquam

161 1595 385 1674 tuffientem
416 1622 482 1674 eos
514 1595 715 1703 expuisse:
759 1596 921 1704 proinde
954 1597 1072 1676 credo
1107 1595 1308 1674 neminem

161 1705 256 1786 sales
275 1733 384 1786 meos
404 1705 581 1787 dentatos
601 1707 911 1816 inculpaturum,
933 1709 1003 1787 nifi
1022 1708 1093 1816 qui
1116 1707 1196 1815 ipse
1217 1706 1308 1785 nul-

160 1818 219 1898 los
239 1815 358 1898 habet
376 1817 525 1911 dentes,
547 1818 715 1927 ideoque
743 1816 1087 1930 reprehensurum,
1108 1819 1200 1926 quia
1227 1845 1307 1897 non

160 1929 249 2009 sunt
268 1930 386 2040 ipfius
406 1928 563 2009 fimiles.
623 1934 677 2011 Et
695 1951 800 2011 certe
830 1931 871 2010 in
898 1930 1061 2041 praesens
1087 1958 1163 2038 ego
1182 1957 1308 2042 exop-

162 2060 287 2122 tarem
308 2041 485 2150 obtigiffe
503 2040 605 2122 mihi
621 2043 781 2123 Horatii
798 2043 955 2137 sortem,
973 2071 1117 2153 nempe
1132 2061 1176 2123 ut
1191 2041 1308 2122 effem

161 2153 436 2235 salsamentarii
463 2152 581 2247 filius,
602 2174 696 2234 tunc
723 2156 831 2235 enim
857 2155 950 2236 sales
977 2152 1080 2234 mihi
1110 2155 1229 2234 essent
1259 2152 1307 2232 ad

162 2293 353 2373 unguem,
367 2293 434 2346 vos
454 2267 574 2345 etiarn
595 2265 668 2346 sale
688 2267 742 2346 ita
761 2266 925 2375 pulchre
944 2264 1150 2347 defricatus
1170 2265 1308 2345 dimit·

161 2396 301 2471 terem,
323 2396 367 2457 ut
391 2377 539 2458 nostros
559 2377 704 2458 milites
721 2379 791 2484 qui
815 2406 939 2486 nuper
958 2378 1005 2456 ab
1027 2376 1156 2457 Insula
1176 2379 1309 2455 Reana

161 2489 355 2599 capessdre
390 2487 528 2597 fugam
560 2516 638 2570 non
671 2491 796 2596 magis
824 2491 1032 2598 poeniteret
1062 2488 1146 2569 salis
1174 2488 1302 2598 petiti.

162 2601 261 2681 Non
292 2601 388 2680 libet
418 2598 520 2680 mihi
555 2602 596 2681 in
626 2602 786 2682 confilio
816 2601 925 2681 vobis
956 2599 1196 2694 exhibendo,
1227 2599 1309 2679 mei

161 2714 286 2819 gnati,
304 2713 481 2821 gnaviter
500 2712 574 2793 effe
594 2712 770 2822 operos0,
785 2741 832 2792 ne
850 2714 938 2822 plus
952 2742 1078 2822 operae
1090 2713 1200 2792 vobis
1216 2740 1307 2791 eru·

161 2825 314 2905 diendis
340 2852 460 2933 quam
488 2826 695 2933 gignendis
723 2824 958 2933 insumpsrsse
985 2825 1131 2917 videar,
1153 2842 1307 2903 tantum

160 2956 295 3017 caveat
313 2936 477 3044 quisque
497 2965 546 3018 ne
566 2965 617 3017 ex
637 2937 719 3015 filio
740 2936 806 3016 fiat
833 2964 977 3045 nepos:
1010 2937 1202 3043 liberique
1227 2937 1308 3014 mei

162 3076 212 3127 ne
232 3049 363 3129 colant
381 3048 566 3142 liberum,
583 3049 610 3128 fi
626 3077 691 3129 me
708 3049 830 3128 velint
845 3067 1012 3159 patrem.
1073 3049 1113 3127 Si
1133 3075 1211 3155 qua
1231 3074 1307 3154 ego

163 3160 240 3240 alia
259 3179 451 3270 praecepta
470 3161 628 3254 dedero,
642 3189 688 3241 ea
704 3160 839 3267 lingua
851 3159 1055 3239 vernaculd
1075 3157 1308 3269 proferenda

161 3261 309 3368 senli03
339 3274 588 3380 conaborque
604 3300 675 3381 pro
690 3271 839 3351 viribus
855 3291 899 3351 ut
914 3272 1047 3351 omnia
1063 3272 1304 3379 intelligatis.

163 3386 363 3479 Caeterum
383 3385 570 3465 exorandi
590 3384 677 3464 sunt
692 3382 793 3462 mihi
815 3385 1029 3493 Neptunus,
1047 3383 1195 3490 Apollo,
1212 3385 1252 3462 V
1247 3384 1306 3462 ul·

162 3525 292 3591 canus,
313 3517 354 3577 et
372 3523 508 3577 omnes
526 3497 600 3577 Dii
620 3495 753 3589 Fabri,
773 3496 832 3574 uti
853 3496 971 3575 latera
996 3523 1085 3575 mea
1104 3494 1166 3574 vel
1195 3495 1308 3575 tabu-

161 3608 250 3690 latis
269 3610 532 3704 corroborare,
546 3608 608 3687 vel
625 3607 758 3687 ferreis
777 3606 932 3687 laminis
951 3606 1226 3715 circumligare
1240 3635 1309 3688 ve-

160 3721 250 3800 lint.
281 3722 515 3833 Qinetiam
527 3739 567 3798 et
579 3719 831 3830 supplicanda
843 3718 945 3799 mihi
958 3721 1012 3800 est
1026 3722 1113 3800 Dea
1128 3721 1252 3810 Ceres,
1266 3739 1311 3798 ut

162 3861 250 3942 quae
267 3830 480 3913 humerum
492 3831 710 3913 eburneum
727 3831 860 3939 Pelopi
871 3832 1035 3924 dederit,
1050 3826 1150 3910 mihi
1165 3829 1310 3939 pariter

160 3945 283 4025 latera
314 3972 415 4055 pene
448 3943 653 4053 absumpta
684 3969 859 4050 reparare
891 3944 1089 4050 dignetur.
1163 3943 1308 4048 Neque

163 4058 274 4137 enim
302 4059 358 4138 est
384 4085 454 4137 cur
483 4056 647 4136 miretur
666 4051 861 4161 quissibet,
883 4054 911 4133 fi
939 4053 1025 4165 post
1053 4071 1208 4133 tantum
1226 4053 1308 4133 cla-

162 4197 320 4250 morem
345 4188 386 4248 et
413 4187 472 4248 tot
497 4167 673 4249 filiorum
700 4166 922 4273 genituram
949 4165 1068 4275 paulo
1093 4165 1310 4245 infirmiora

163 4281 251 4361 sint.
313 4282 361 4362 In
381 4279 442 4379 his
456 4280 589 4387 itaque
610 4278 718 4361 sensu
733 4278 946 4360 Neroniano
963 4278 1201 4387 ultraquam
1221 4276 1309 4358 satis
