2956 4980
10 34 21 147 i

92 239 211 373 Cap.
240 278 304 361 17.
403 236 593 336 Plenior
619 235 868 336 Institutio,
1139 255 1214 363 169

53 440 261 531 poterunt,
273 418 451 530 adeoque
463 450 512 503 ne
526 421 703 502 ordinata
715 422 893 530 quidem.
931 421 1219 531 ItaqueArith-

54 535 255 615 meticum
268 534 310 613 in
322 534 569 627 Geometria,
584 535 886 614 Geometricum
898 536 939 614 in
952 533 1218 617 Arithmetica

54 645 185 727 ueluti
203 644 509 755 heterogenium
529 665 569 726 et
588 646 763 727 alienum
789 644 1000 726 methodus
1025 648 1215 728 excludit.

57 758 140 839 Pro
171 778 319 839 natura
347 777 483 840 autem
514 758 587 839 suae
617 759 792 839 claritate
826 760 1023 839 axiomata
1053 788 1217 869 quaeque

53 870 320 979 praeponenda
344 870 446 965 sunt,
476 890 595 980 prout
620 889 851 979 argumenta
877 871 1020 980 priora,
1049 873 1217 966 notiora,

54 981 272 1063 illustriora
296 983 629 1092 complectuntur.
689 983 824 1062 Prima
847 1002 981 1063 autem
1001 983 1219 1092 praecedant

54 1121 108 1173 an
125 1112 214 1175 orta
229 1092 253 1175 d
269 1095 410 1204 primis
429 1122 571 1206 parum
588 1092 722 1189 refert,
742 1091 837 1175 cium
861 1115 1122 1204 utrorumque
1151 1125 1216 1176 ea-

56 1206 157 1287 dem
175 1206 332 1289 affectio
351 1207 412 1287 fit.

114 1320 249 1429 Atque
267 1337 312 1400 ut
319 1318 522 1428 spectatur
539 1319 578 1398 in
594 1316 777 1399 axiomate
796 1317 941 1398 veritas
958 1336 1028 1397 aut
1041 1318 1215 1426 falſstas,

59 1429 100 1511 irs
113 1429 325 1541 ſjllogffmo
344 1431 593 1543 consequentia
619 1448 657 1510 et
675 1428 964 1540 iacorfi’quentia
975 1459 989 1522 ,·
1004 1431 1065 1537 sic
1086 1432 1124 1510 in
1142 1460 1217 1512 rae-

60 1542 168 1625 thoda
186 1543 453 1649 corfideratur,
470 1560 515 1624 ut
525 1542 650 1651 perse
664 1543 806 1623 clarius
814 1541 1020 1652 pracedat,
1033 1541 1218 1650 obscurius

46 1653 260 1765 sequutum·
289 1656 499 1765 omninoque
525 1654 610 1735 ordo
634 1672 672 1733 et
702 1654 858 1762 confusto
875 1652 1093 1759 judicatur.
1155 1655 1219 1737 Sic

65 1766 272 1877 disponetur
289 1797 334 1848 ex
353 1766 573 1875 hamogcneis
600 1766 795 1847 axiomatis
816 1765 938 1876 primo
962 1767 1035 1847 loco
1053 1764 1218 1874 absoluta

68 1882 204 1961 notram
226 1880 405 1991 primum,
420 1879 583 1988 secunda
598 1878 817 1986 secundum,
847 1878 958 1959 tertia
980 1879 1149 1974 tertium,
1178 1897 1217 1960 et

72 1991 122 2072 ita
138 1991 316 2103 deinceps.

119 2104 233 2185 Prius
252 2123 386 2185 autem
400 2103 496 2184 ficut
514 2121 554 2183 et
574 2103 764 2213 posterius
780 2106 956 2212 quinque
972 2106 1100 2186 modis
1115 2105 1217 2185 dici-

69 2240 175 2297 mus:
207 2237 401 2327 tempore,
418 2235 463 2296 ut
483 2216 614 2296 senem
627 2216 797 2321 juvene;
829 2236 979 2311 natura,
1000 2237 1043 2297 ut
1062 2216 1216 2297 causam

70 2326 218 2424 effecto,
253 2356 378 2437 genus
410 2327 560 2438 specie;
597 2328 789 2436 quicquid
821 2328 992 2437 denique
1026 2328 1217 2408 existendi

65 2440 337 2522 consecutione
364 2439 420 2521 est
441 2438 576 2550 'prius3
608 2441 637 2518 i.
652 2468 687 2520 e.
709 2439 816 2549 quod
842 2439 919 2520 alio
939 2441 1078 2550 pofsto,
1099 2441 1216 2549 poni-

67 2566 152 2647 tur3
193 2572 233 2634 et
265 2581 346 2662 quo
378 2553 516 2662 posrto,
549 2550 654 2631 aliud
690 2579 768 2631 non
804 2553 980 2659 ponitur,
1014 2571 1058 2631 ut
1089 2553 1217 2633 unitas

62 2658 234 2745 binario:
257 2692 542 2773 nonnunquam
554 2664 674 2743 etiam
687 2664 756 2743 ubi
776 2663 998 2745 consecutio
1018 2664 1218 2774 reciproca

60 2774 134 2869 est,
152 2778 260 2886 quod
281 2776 394 2857 fimul
415 2776 470 2856 est
497 2795 691 2884 tempore,
712 2795 848 2856 natura
868 2795 999 2857 tamen
1019 2778 1075 2856 est
1094 2777 1217 2886 prius,

62 2905 115 2966 ut
130 2888 182 2970 fol
201 2888 269 2969 suo
286 2889 451 2969 lumine.
502 2886 694 2967 Bifariam
713 2889 834 2967 etiam
853 2887 998 2969 dicitur
1017 2889 1125 2998 prius
1145 2916 1215 2967 na-

63 3008 171 3095 tura3
192 3019 402 3111 generante
423 2999 582 3092 scilicet,
597 3018 641 3079 ut
660 3019 787 3110 partes
808 3019 906 3094 toto,
920 3001 1086 3107 fimplex
1104 3028 1217 3080 com-

68 3113 205 3217 pofito,
218 3113 349 3193 media
365 3111 443 3191 fine
457 3139 468 3203 3
490 3112 553 3191 vel
568 3113 808 3207 intendente,
822 3131 867 3191 ut
884 3130 1012 3192 totum
1029 3111 1218 3220 partibus,

67 3225 329 3335 compofitum
345 3224 529 3333 fimplici,
543 3221 631 3301 finis
651 3226 807 3304 mediis.
838 3225 952 3304 Prius
971 3222 1219 3333 dispofitione

72 3333 141 3415 five
165 3337 255 3417 loco
280 3337 439 3428 dicitur,
460 3335 567 3442 quod
594 3336 709 3415 initio
728 3337 784 3417 est
804 3338 989 3446 propius;
1020 3355 1065 3415 ut
1091 3336 1132 3416 in
1157 3336 1219 3415 di-

68 3448 203 3542 cendo,
224 3450 392 3529 narratio
415 3447 727 3527 confirmatione.
788 3448 902 3527 Prius
928 3449 1142 3555 dignitate;
1174 3469 1219 3529 ut

68 3560 310 3669 magistratus
329 3561 430 3653 cive,
444 3586 585 3639 aurum
600 3578 779 3667 argento,
792 3562 914 3640 virtus
934 3588 1043 3639 auro.
1104 3561 1218 3642 Prius

67 3672 237 3782 denique
256 3672 498 3781 cognitione,
510 3671 617 3779 quod
637 3672 798 3780 cognitu
819 3671 972 3753 facilius
993 3671 1072 3750 est:
1100 3673 1219 3780 idque

66 3784 128 3863 vel
147 3785 189 3863 in
208 3782 259 3878 se,
271 3785 334 3864 vel
354 3783 489 3864 nobis:
515 3784 556 3862 in
577 3781 613 3862 se
632 3787 738 3891 quod
760 3786 896 3865 natura
915 3782 971 3862 est
991 3783 1122 3893 prius;
1145 3812 1218 3864 no·

65 3895 139 3990 bis,
163 3895 272 4005 quod
297 3896 486 4006 posterius
519 3893 590 3988 est,
624 3915 663 3975 et
693 3895 860 3976 senfibus
890 3895 1115 4002 objectum:
1151 3895 1219 3976 illa

65 4007 277 4117 perfectior
295 4008 352 4090 est
370 4007 560 4115 cognitio,
581 4004 662 4087 haec
683 4007 963 4116 imperfectior.

123 4116 280 4230 fdeo'que
289 4119 475 4201 methodus
488 4118 537 4197 ab
549 4118 832 4227 uniuersalibus,
845 4139 889 4200 ut
900 4150 984 4230 qua
995 4118 1126 4226 catastas
1135 4148 1220 4201 con-

63 4231 227 4326 tineant,
244 4229 299 4311 ad
298 4231 518 4339 fingularia
527 4232 705 4340 perpetui
718 4232 976 4342 progreditur.
1028 4228 1219 4339 Adeoque

64 4344 114 4423 ab
135 4344 457 4425 antecedentibus
476 4341 641 4423 omnino
670 4363 709 4423 et
733 4344 906 4425 absolute
934 4342 1150 4425 notioribus
1170 4342 1218 4422 ad

63 4455 342 4564 consequentia
363 4458 495 4565 ignota
515 4455 807 4537 declarandum.
