2956 4980
296 218 532 350 Scriptum
557 222 703 314 Dom.
731 219 1021 317 Protedoris.
1153 261 1234 345 347

80 407 147 471 cet
175 389 351 469 nimium
377 389 538 484 addicti,
565 389 723 471 suorum
746 391 992 473 subditorum
1022 393 1237 502 constringi

84 501 299 582 noluerunt
314 529 467 595 manus,
484 502 554 582 ubi
569 503 734 609 Hispani
749 504 832 583 suas
852 504 927 584 esse
944 503 1142 585 solvendas
1162 534 1235 587 ex-

83 614 332 693 istimarunt:
358 613 443 693 imo
461 615 544 693 vim
565 615 605 691 vi
624 614 864 724 propulsare,
884 635 924 695 et
944 616 1141 724 Hispanos,
1163 621 1234 726 qui

87 724 137 804 ad
156 752 298 833 pacem
318 725 365 805 iis
384 726 427 803 in
447 724 542 805 locis
558 725 781 804 servandam
802 726 963 834 perduci
983 727 1093 806 nullo
1113 729 1233 809 modo

84 854 314 944 potuerunt,
339 837 380 914 in
404 835 579 916 hostium
595 863 761 917 numero
781 835 923 917 habere
948 838 1022 916 suis
1045 840 1234 947 permise-

84 966 192 1027 runt.
237 945 354 1027 Adeo
374 966 419 1027 ut
437 975 539 1027 anno
559 949 714 1027 circiter
733 949 941 1028 millefimo
957 948 1234 1031 sexcentesimo

84 1078 124 1138 et
142 1059 439 1166 quadragesimo
454 1086 548 1138 cum
565 1057 646 1138 haec
666 1087 726 1139 res
745 1059 786 1138 in
801 1062 970 1140 concilio
983 1063 1084 1167 regis
1096 1064 1233 1169 proxi·

84 1171 143 1249 mi
174 1170 319 1277 agitata
354 1170 460 1264 esi'et,
492 1170 780 1279 postularetque
807 1172 1058 1279 Hstanorum
1081 1173 1233 1280 legatus

84 1301 130 1361 ut
143 1309 259 1362 naves
277 1282 456 1389 quaedam
475 1284 515 1361 in
529 1282 744 1362 American}
761 1282 1003 1392 profectura,
1019 1302 1058 1361 et
1078 1284 1119 1361 in
1133 1286 1233 1366 ostio

83 1392 260 1473 fluminis
275 1394 361 1473 vela
374 1394 458 1499 jam
478 1392 605 1473 facere
625 1412 764 1501 paratae
782 1393 1097 1502 prohiberentur,
1111 1423 1233 1503 prop-

84 1524 188 1583 terea
219 1503 325 1612 quod
354 1503 576 1584 hostilitatis
608 1505 649 1582 in
679 1504 863 1613 Hispanos
891 1506 972 1584 illic
1007 1507 1232 1586 exercendae

83 1615 272 1723 potestate
303 1616 423 1696 effent
456 1616 662 1709 instrutiae,
694 1616 886 1724 fimulque
918 1616 998 1725 ipse
1022 1617 1087 1722 jus
1117 1645 1231 1697 com·

83 1729 225 1807 mercii
260 1729 300 1806 in
340 1727 575 1808 Occidentali
599 1726 710 1807 India
743 1726 913 1807 habendi
946 1727 1232 1837 postulantibus

83 1868 155 1948 per
177 1840 412 1919 confiliarios
439 1839 626 1948 quosdam
651 1841 768 1946 regis,
793 1839 841 1918 ad
865 1866 952 1919 eam
976 1868 1062 1919 rem
1084 1841 1230 1921 consti-

83 1969 201 2044 tutos,
223 1952 364 2057 Anglis
382 1953 605 2059 denegaret,
622 1951 771 2061 placuit
791 1969 834 2030 ut
853 1951 928 2031 illae
943 1979 1058 2031 naves
1074 1953 1229 2032 institu-

83 2081 171 2142 tum
190 2064 265 2142 iter
284 2062 398 2142 suum
418 2063 755 2172 persequerentur,
774 2064 881 2170 quod
902 2083 941 2142 et
962 2063 1111 2142 fadum
1130 2065 1199 2146 est.

138 2175 344 2255 Hadenus
358 2176 531 2284 praedieti
545 2201 655 2280 reges
671 2172 832 2254 subditis
848 2174 939 2267 suis,
953 2174 1104 2254 bellum
1120 2176 1169 2256 iis
1187 2176 1230 2255 in

81 2285 178 2366 locis
194 2285 246 2364 ob
262 2287 430 2366 rationes
445 2286 527 2365 suas
542 2286 727 2394 privatim
743 2285 1052 2394 suscipientibus,
1065 2313 1143 2365 non
1160 2286 1232 2365 de·

82 2395 267 2477 fuerunt:
290 2398 466 2492 tamem,
486 2416 649 2505 propter
672 2398 890 2506 potentiam
910 2396 1127 2504 Hispanicae
1146 2396 1230 2477 sac-

81 2509 200 2588 tionis
223 2508 460 2617 supradidiae,
484 2504 659 2617 publice,
677 2517 759 2616 'pro
782 2537 830 2587 eo
856 2536 901 2586 ac
931 2509 1159 2601 debuerant,
1188 2527 1229 2589 et

80 2620 370 2700 existimatione
401 2622 528 2726 gentis
560 2618 722 2728 pristina
748 2619 916 2727 dignum
944 2638 1041 2713 erat,
1072 2620 1229 2700 causam

81 2759 221 2811 eorum
246 2731 436 2840 suscipere
462 2733 686 2811 noluerunt.
745 2731 800 2809 Et
824 2728 935 2810 nobis
957 2729 1062 2812 certic
1086 2753 1229 2813 contu-

80 2843 289 2924 meliosum
308 2841 416 2951 aeque
435 2861 476 2922 et
490 2842 700 2949 indignum
712 2839 855 2933 fuiffet,
867 2841 1023 2950 quibus,
1037 2843 1226 2949 largiente

81 2955 180 3049 Deo,
205 2973 264 3036 tot
289 2981 404 3034 naves
429 2953 477 3034 ad
504 2981 667 3039 omnem
691 2953 882 3031 maritimi
905 2950 998 3031 belli
1023 2952 1137 3031 usum
1160 2982 1227 3033 or-

80 3085 180 3147 natae
199 3086 316 3174 atque
344 3065 535 3146 instrudlae
557 3066 598 3144 in
622 3083 811 3173 promptu
836 3081 959 3155 erant,
984 3064 1011 3141 fi
1038 3091 1100 3143 eas
1124 3066 1227 3145 carie

79 3180 211 3287 potius
234 3178 436 3285 corrumpi
455 3177 593 3256 otiosas
617 3176 728 3256 domi
748 3173 1010 3267 voluissemus,
1037 3202 1156 3281 quam
1177 3177 1226 3256 ad

80 3289 349 3371 ulciscendum
368 3290 594 3395 Anglorum,
626 3287 765 3395 quidni
796 3288 915 3366 etiam
946 3287 1091 3380 dicam,
1118 3287 1228 3368 Indo·

78 3430 164 3483 rum
183 3402 427 3510 sanguinem,
453 3401 502 3479 ab
522 3399 701 3506 Hstanis
733 3417 814 3477 tam
834 3394 972 3504 injuste
996 3417 1077 3476 tam
1107 3397 1228 3478 inhu-

78 3512 196 3594 mand
234 3511 423 3621 totidsque
465 3511 612 3604 fusum,
657 3511 734 3590 illis
773 3512 814 3588 in
859 3509 954 3588 locis
992 3508 1077 3589 usui
1122 3511 1221 3591 esse:

77 3624 402 3735 quandoquidem
440 3625 548 3704 Deus
570 3623 676 3732 fecit
712 3651 759 3700 ex
797 3652 866 3702 uno
889 3620 1076 3728 sangm'ne
1113 3639 1229 3704 totam

74 3755 220 3844 gentem
249 3736 429 3817 hominum
460 3753 503 3815 ut
532 3734 721 3815 habitaret
740 3735 861 3841 super
891 3733 1063 3840 universtz
1086 3732 1229 3842 strper-

63 3849 159 3956 ficie
190 3867 323 3943 terret,
349 3847 509 3955 definitis
531 3845 756 3956 praestitutis
785 3842 1019 3952 temporibus,
1045 3861 1082 3923 et
1100 3846 1230 3953 postris

77 3960 246 4041 terminis
278 3959 516 4041 habitationis
552 3987 688 4038 eorum.
748 3957 801 4035 Et
830 3952 935 4035 certe
967 3955 1089 4047 Deus,
1128 3984 1229 4063 quo-

78 4100 237 4180 cunque
264 4073 306 4152 id
330 4092 522 4179 tempore,
546 4069 809 4174 cujuscunque
835 4068 875 4146 id
899 4093 1019 4145 manu
1043 4066 1227 4147 adminis-

77 4185 263 4265 trandum
283 4184 343 4276 fit,
364 4185 461 4263 tanti
480 4181 675 4290 sanguinis
695 4177 1011 4274 innocentissimi,
1031 4196 1228 4257 tantarum

76 4296 261 4389 caedium,
287 4294 431 4404 quibus
455 4313 514 4374 tot
540 4294 666 4374 millia
685 4290 859 4370 indorum
879 4289 928 4370 ab
948 4289 1127 4397 Hispanis
1146 4307 1229 4368 tam

77 4406 241 4490 barbare
267 4406 394 4488 occisa
423 4406 523 4501 sunt,
555 4423 752 4486 tantarum
779 4403 951 4510 denique
981 4401 1229 4507 injuriarum,
