2956 4980
376 212 540 308 Literae
565 206 793 309 Richardi
818 215 1110 313 Protectoris.
1233 255 1312 338 343

165 385 315 466 toritati
334 385 574 494 summaeque
590 389 731 467 Rerum
743 388 995 494 Anglicarum
1007 389 1316 470 administrandae

164 497 382 592 restituere,
404 517 443 577 et
462 499 697 606 Majssatem
720 500 884 607 Vestram
903 500 947 580 ei
966 501 1015 580 de
1039 529 1080 580 re
1104 504 1314 582 certiorem

164 607 239 688 effe
253 608 475 689 faciendam
491 611 689 718 imprimis
708 611 910 706 duximus,
922 632 963 691 et
975 612 1085 692 vobis
1101 641 1217 722 porro
1237 614 1314 720 fig-

163 719 424 814 nificandum,
449 748 519 801 nos
545 719 639 801 ci1m
659 721 876 827 Majestatis
899 722 1029 802 vestrae
1055 742 1192 833 utpote
1211 726 1313 804 Pro-

161 832 374 939 testantium
391 832 584 941 Principis
600 833 856 941 potentiffimi
880 852 967 913 tum
992 836 1099 941 pacis
1124 837 1312 915 intervos

162 944 581 1053 DaniaequeRegem,et
594 945 724 1056 ipsum
735 946 1314 1053 quoqueProtssantiumPrin-

161 1057 277 1163 cipem
286 1074 583 1164 praepotentem,
594 1083 672 1136 non
689 1056 765 1136 fine
782 1055 909 1134 nostra
920 1084 1038 1164 opera
1047 1077 1164 1166 atque
1179 1058 1312 1138 officio

161 1167 524 1247 benevolentiffimo
545 1167 850 1260 reconcilianda,
865 1186 1058 1274 quantum
1071 1171 1111 1247 in
1130 1170 1242 1250 nobis
1262 1170 1312 1249 fi-

162 1299 253 1360 tum
272 1277 342 1371 est,
357 1277 431 1357 effe
451 1277 752 1361 studiofiffimos.
809 1279 1007 1358 Volumus
1026 1281 1158 1387 itaque
1178 1300 1222 1361 ut
1242 1282 1311 1359 In·

161 1392 363 1471 ternuntio
386 1388 516 1469 nostro
544 1390 866 1482 extraordinario,
893 1390 1065 1500 Philippo
1083 1392 1309 1485 Meadowes,

161 1530 244 1610 quo
263 1528 428 1581 munere
448 1500 496 1580 ab
517 1499 590 1581 hac
605 1499 762 1610 Repub.
779 1502 884 1610 apud
898 1502 1131 1610 Majrstatem
1146 1504 1310 1611 Vestram

161 1612 351 1696 hactenus
369 1612 564 1720 fungitur,
585 1613 692 1692 idem
713 1615 876 1692 omnino
896 1641 1040 1693 munus
1057 1615 1187 1694 nostro
1204 1641 1309 1694 nunc

160 1728 324 1805 nomine
340 1743 596 1835 prorogetur:
617 1726 734 1832 eique
750 1724 846 1804 adeo
861 1722 922 1804 his
938 1724 1074 1806 nostris
1094 1726 1215 1805 literis
1234 1754 1309 1833 po·

160 1839 340 1918 testatem
357 1836 617 2026 proponendi,
634 1836 789 1943 agendi,
805 1837 1040 1944 tranfigendi
1054 1864 1148 1917 cum
1164 1836 1309 1944 Majes-

160 1967 243 2031 tate
264 1948 395 2058 Vestra
435 1949 585 2027 acimus
613 1946 728 2055 plane
755 1948 921 2027 eandem
942 1975 1028 2055 quae
1054 1950 1090 2027 ei
1116 1951 1309 2058 proximis

159 2063 285 2141 literis
299 2058 748 2141 commendatitiisfacta
763 2058 818 2137 est
833 2090 843 2138 :
865 2058 1054 2166 quicquid
1069 2060 1117 2139 ab
1129 2088 1177 2140 eo
1190 2060 1310 2141 trans-

159 2177 295 2254 actum
314 2169 444 2252 nostro
464 2172 625 2250 nomine
645 2189 762 2278 atque
778 2170 1007 2250 conclusum
1025 2173 1115 2263 erit,
1131 2173 1172 2251 id
1191 2200 1311 2252 omne

157 2305 291 2366 ratum
316 2310 387 2362 nos
406 2281 479 2361 effe
501 2279 715 2375 habituros,
744 2285 835 2363 Deo
860 2282 960 2360 bene
976 2282 1154 2387 juvante,
1179 2283 1308 2363 nostrii

157 2399 236 2478 fide
256 2395 505 2505 spondemus.
542 2395 653 2473 Deus
673 2393 740 2471 ille
756 2392 992 2500 Majrssatem
1010 2392 1173 2501 Vestram
1188 2422 1310 2501 quam

158 2507 372 2590 diutiffime
387 2503 600 2598 conservet,
615 2505 729 2584 rebus
746 2504 1034 2611 Protrssantium
1047 2504 1232 2585 columen
1251 2524 1311 2585 at-

158 2651 238 2730 que
258 2617 493 2728 praefidium.

247 2725 570 2838 Wssmonasterio.
591 2725 782 2831 Maii15.
804 2727 885 2804 An.
913 2726 1033 2832 1659.

626 2836 729 2916 Guil.
752 2836 947 2929 Lenthall,

433 2948 665 3030 Prolocutor
685 2948 925 3028 Parlamenti
944 2948 1118 3057 Reipub.
1140 2948 1308 3055 Angliae.

161 3336 446 3417 Parlamentum
460 3330 617 3439 Reipub.
634 3330 790 3437 Angliae
795 3329 1014 3438 strenffmo
1028 3329 1205 3436 Principi
1213 3329 1247 3408 F
1249 3356 1310 3408 re-

527 3443 659 3522 derico
679 3442 822 3523 Daniae
842 3442 952 3548 Regi.

160 3606 405 3687 Sereniffime
426 3606 531 3698 Rex,
551 3602 695 3682 Amice
715 3600 964 3695 Chariffime,

257 3731 342 3810 Um
369 3728 568 3808 voluntate
594 3753 639 3805 ac
665 3744 764 3805 nutu
792 3725 937 3804 summi
967 3752 1099 3804 rerum
1127 3725 1308 3803 omnium

283 3840 539 3921 moderatoris
559 3838 640 3916 Dei
663 3839 762 3946 Opt.
785 3838 901 3915 Max.
924 3833 1072 3914 factum
1096 3835 1141 3913 fit
1172 3852 1216 3913 ut
1239 3861 1310 3913 nos

163 3949 327 4032 demum
351 3951 531 4042 restituti,
556 3948 763 4058 pristinum
793 3947 926 4026 locum
957 3964 1073 4053 atque
1100 3972 1243 4024 munus
1268 3946 1309 4024 in

164 4064 369 4173 Republica
388 4061 556 4171 gerenda
580 4060 841 4152 obtineamus,
870 4058 1019 4166 placuit
1041 4057 1238 4165 imprimis
1265 4085 1310 4135 ea

161 4176 209 4255 de
230 4204 271 4255 re
291 4204 363 4256 nec
383 4173 618 4281 Majestatem
635 4173 813 4280 Vestram,
834 4187 971 4278 utpote
986 4169 1178 4248 Vicinum
1197 4168 1310 4247 nobis

161 4305 201 4366 et
219 4288 415 4367 Amicum
436 4290 608 4390 Regem,
628 4281 701 4362 effe
721 4281 939 4374 celandam,
963 4300 1002 4361 et
1028 4308 1150 4388 quem
1169 4308 1220 4359 ex
1239 4279 1309 4357 ad-

159 4399 274 4480 versis
290 4399 406 4480 rebus
421 4397 554 4479 vestris
569 4395 769 4504 capiamus
784 4393 962 4475 dolorem
976 4393 1092 4473 timul
1103 4391 1177 4471 effe
1190 4391 1311 4499 figni-
