2956 4980
414 241 578 336 Literae
604 237 797 338 Oliverii
823 242 1112 336 Protedioris.
1261 283 1283 336 2
1289 285 1340 366 59

182 413 252 494 illa
274 409 413 494 Turcis
438 442 599 524 operam
623 416 714 495 dare
738 415 961 496 invitillima
984 421 1117 496 coacta
1140 419 1199 510 fit,
1222 416 1339 527 seque

180 553 234 605 ex
249 554 297 605 ea
315 553 449 635 pugna
469 527 665 636 explicare
681 528 873 608 militibus
893 527 1034 608 referta
1052 557 1131 609 non
1151 534 1337 639 potuerit,

183 639 447 718 Serenitatem
467 638 647 719 Vestram
676 667 915 747 magnopere
944 667 1142 747 rogamus,
1175 660 1220 720 ut
1252 642 1338 722 sen·

181 751 351 830 tentiam
375 750 486 830 illam
510 752 718 831 maritimae
744 755 861 831 curiae
878 752 974 832 velit
997 752 1131 831 nostrae
1155 755 1338 849 amicitiae

181 862 420 955 condonare,
445 889 665 972 navemque
690 864 800 943 illam
823 863 897 943 suis
916 864 1103 957 dominis,
1129 864 1178 943 de
1199 866 1337 945 Vestra

184 973 409 1084 Republica
424 975 534 1053 nullo
550 974 617 1055 suo
634 975 736 1056 facto
752 975 854 1054 male
875 978 1040 1070 meritis,
1056 975 1334 1075 restituendam

180 1113 331 1166 curate.
391 1091 485 1196 Qa
503 1088 544 1165 in
565 1088 810 1195 impetranda
830 1087 941 1167 nobis
964 1086 1176 1198 praesertim
1196 1108 1331 1198 peten-

183 1198 302 1291 tibus,
316 1224 410 1277 cum
430 1217 664 1279 mercatores
679 1199 780 1309 ipsos
799 1201 847 1279 de
863 1199 986 1279 'vestra
1005 1200 1215 1280 clementia
1235 1201 1334 1280 bend

182 1310 333 1418 sperare
353 1310 554 1391 videamus
574 1339 643 1391 nos
664 1313 800 1420 utique
820 1312 868 1390 de
889 1340 934 1390 ea
956 1312 1134 1391 dubitare
1159 1340 1237 1392 non
1262 1314 1332 1393 de·

184 1420 345 1501 bernus:
368 1423 438 1528 qui
458 1441 498 1500 et
518 1424 697 1532 praeclara
717 1423 839 1502 vestra
859 1425 1015 1503 consilia
1036 1450 1198 1530 remque
1216 1426 1332 1505 Vene-

186 1550 259 1613 tam
274 1533 375 1613 terri
391 1534 569 1642 marique
590 1537 765 1614 maxima
779 1537 838 1614 uti
859 1555 995 1644 pergat
1010 1533 1208 1614 fortunare
1222 1537 1332 1615 Deus

186 1647 432 1753 omnipotens
450 1672 502 1725 ex
520 1649 653 1727 animo
672 1665 869 1756 optamus.

267 1755 587 1866 Westmonasterio.
610 1758 786 1838 Decemb.
812 1760 860 1837 16
867 1785 888 1864 5
895 1784 932 1863 5.

226 1869 449 1949 Serenitatis
464 1870 596 1949 vestrae
610 1870 848 1977 Venetaeque
863 1868 982 1977 Reip.
999 1867 1304 1961 studiofiffimus,

435 1981 627 2061 Oliverius
646 1985 846 2062 Protec‘tor
867 1980 1041 2090 Reipub.
1063 1981 1233 2088 Angliae,
1253 1999 1329 2059 etc.

223 2477 421 2559 Oliverius
443 2482 641 2561 Proteiior
659 2481 766 2589 Reip.
788 2478 957 2586 Angla,
979 2497 1050 2560 etc.
1074 2480 1205 2560 Sereni
1238 2510 1293 2560 mo

373 2592 551 2701 Principi
566 2594 771 2673 Ludovico
794 2591 1006 2672 Galliarum
1027 2592 1137 2700 Regi.

264 2752 509 2832 Sereniffime
530 2755 645 2849 Rex3

307 2878 512 2956 Ercatores
522 2877 674 2984 aliquot
684 2874 1233 2983 nostrates,quorumnomina
1243 2873 1330 2953 sunt

337 2988 608 3082 SamuelMico,
626 2985 1330 3092 GulielmusCocainus,GeorgiusPoy·
1429 3042 1431 3047 >

155 3124 300 3192 merus,
313 3098 459 3207 aliique
472 3100 694 3208 complures
711 3129 780 3210 per
793 3099 973 3178 libellum
985 3096 1204 3207 supplicem
1217 3096 1329 3176 nobis

157 3207 427 3289 ostenderunt
454 3211 616 3291 scanno
645 3215 690 3292 16
697 3240 761 3319 50.
789 3212 829 3289 in
855 3238 995 3290 navem
1019 3210 1232 3317 quandam,
1261 3209 1328 3287 cui

165 3320 324 3428 insigne
350 3324 554 3404 Unicornus
574 3342 669 3417 erat,
695 3350 926 3432 permagnas
946 3322 1113 3400 rationes
1132 3319 1214 3399 suas
1233 3345 1327 3397 con-

165 3431 327 3512 tuliffe:
350 3462 438 3514 eam
459 3462 598 3514 navem
614 3434 822 3542 bombyce,
840 3435 928 3513 oleo
948 3431 1108 3540 aliisque
1129 3430 1327 3511 mercibus

163 3544 368 3639 onustam,
385 3574 484 3652 quae,
507 3548 593 3654 plus
616 3549 761 3640 minus,
783 3547 943 3653 triginta
962 3563 1131 3652 quatuor
1150 3542 1326 3622 millibus

165 3654 363 3735 librarum
383 3657 601 3736 nostrarum
622 3657 669 3736 ab
689 3658 827 3736 iisdem
848 3658 1032 3736 aestimata
1047 3654 1147 3749 sunt,
1164 3655 1212 3733 ab
1229 3681 1325 3733 nave

169 3768 363 3875 praetoria,
380 3788 420 3847 et
441 3772 690 3878 propraetoria
707 3768 919 3876 Majestatir
934 3770 974 3844 V
968 3767 1072 3874 estrae
1084 3768 1125 3843 in
1138 3765 1326 3844 Mediter-

169 3906 283 3958 raneo
297 3880 414 3959 Mari
427 3880 618 3961 Orientali
635 3880 854 3990 oppressam
874 3899 990 3985 atque
1011 3896 1167 3984 captam
1188 3875 1323 3954 fuiffe:

171 3989 320 4070 nostros
339 4011 474 4070 autem
494 3993 560 4071 illa
580 3993 621 4069 in
646 3993 751 4085 navi,
777 4010 983 4101 propterea
1007 3989 1116 4096 quod
1140 3988 1251 4067 nobis
1277 4016 1324 4066 eo

171 4120 348 4210 tempore
380 4131 475 4182 cum
498 4103 620 4183 Gallis
650 4103 799 4182 illibata
831 4130 907 4211 pax
939 4117 1034 4193 erat,
1065 4128 1159 4180 cum
1190 4116 1324 4178 contra

170 4240 285 4293 naves
298 4214 422 4321 regias
433 4216 474 4293 vi
488 4214 524 4295 se
539 4214 749 4294 defendere
765 4212 986 4304 noluiffent,
1000 4211 1193 4320 promiffis
1207 4209 1329 4290 Pauli

168 4344 208 4405 et
222 4320 397 4406 Terrerii
407 4328 700 4407 Navarchorum
714 4326 907 4418 inductos,
922 4326 991 4431 qui
1005 4323 1107 4402 velle
1124 4322 1159 4400 se
1176 4320 1324 4399 nostros

166 4437 371 4518 dimittere
389 4438 560 4533 aiebant,
573 4440 734 4548 prolatis
753 4464 918 4518 onerum
940 4434 1097 4527 libellis,
1114 4432 1324 4514 maritimis
