2956 4980
563 249 687 342 Artis
715 247 898 378 Logicae
1105 240 1213 342 Lib.
1239 286 1273 338 r.

442 698 565 775 CAP.
600 697 697 775 XII.
759 702 822 779 De
841 697 1029 802 Druersts.

172 897 177 902 ·
209 886 230 932 ἲ
254 879 310 927 a·
339 873 606 979 Rgumentum
644 870 916 977 corfinttmeum
953 870 1150 981 expesttum
1188 872 1236 980 ss
1273 873 1308 950 in

177 1070 184 1089 ,
285 992 338 1101 ἢν
385 983 494 1063 causa
514 1001 553 1062 et
573 978 727 1075 effedo,
749 983 918 1090 subjecto
937 1001 977 1063 et
995 983 1191 1089 adjundto.

241 1158 268 1193 ρ,
326 1093 348 1156 ’ψ
441 1096 577 1174 Altera
620 1095 765 1204 species
808 1097 1047 1202 argumenti,
1085 1094 1308 1190 artificialis,

174 1196 186 1210 ⁵
248 1211 267 1243 ⁶
303 1222 331 1240 '
384 1209 520 1315 primi,
556 1207 756 1316 simplicis,
789 1208 1087 1301 diffentaneum,
1126 1207 1308 1315 sequitur.

162 1320 216 1397 Et
231 1316 338 1426 sequi
354 1319 491 1400 debet:
513 1339 557 1398 ut
572 1321 680 1397 enim
694 1319 903 1400 affirmatio
920 1320 1142 1426 negatione,
1156 1320 1311 1401 ficcon·

162 1429 280 1509 senfio
301 1435 408 1541 prior
427 1432 483 1512 est
503 1431 751 1525 diffenfione;
780 1432 889 1541 prior
914 1450 1048 1512 autem
1072 1458 1154 1512 non
1179 1452 1311 1512 natura

161 1542 302 1635 solum,
322 1541 461 1624 verum
481 1546 601 1624 etiam
628 1544 696 1623 usu
723 1562 763 1624 et
788 1545 992 1652 dignitate.
1051 1543 1118 1623 Ab
1142 1545 1311 1625 affirma·

163 1655 269 1733 tione
289 1658 396 1734 enim
416 1675 456 1734 et
475 1655 735 1749 consensione,
760 1676 804 1735 ut
827 1656 985 1737 scientia
1007 1657 1155 1751 omnis,
1182 1659 1237 1738 ita
1255 1683 1311 1736 ars

162 1768 291 1846 omnis
311 1786 427 1875 atque
447 1767 622 1846 doctrina
641 1769 863 1848 deducitur.

220 1878 498 1988 Drffintmeum
523 1880 571 1987 est
601 1880 698 1989 quod
720 1879 879 1989 diffi’ntit
903 1878 928 1959 ci
953 1904 1140 1988 requam
1167 1880 1309 1988 arguit.

162 1989 228 2067 Ab
248 1991 369 2069 altero
389 2019 531 2099 nempe
553 1990 608 2069 sui
624 1995 776 2098 generis
803 2020 847 2071 ac
867 1993 1039 2071 nominis
1058 1988 1309 2071 diffentanoo.

164 2103 274 2180 Nam
295 2102 334 2181 in
356 2100 433 2182 hoc
449 2130 590 2210 genere
608 2122 948 2213 argumentorum,
960 2122 1195 2210 argumenta
1212 2104 1312 2182 inter

162 2213 199 2292 se
233 2214 371 2295 affeetu
399 2216 540 2295 eodem
570 2218 745 2311 nomine,
778 2213 944 2325 ideoque
972 2214 1115 2325 plurali
1146 2243 1312 2295 numero

162 2328 433 2422 enunciantur,
452 2326 668 2436 eademque
689 2327 915 2408 definitione
935 2347 975 2407 et
987 2327 1165 2408 dodrina
1183 2328 1313 2438 expli·

161 2460 311 2519 cantur.
708 2514 711 2518 ,

220 2553 319 2632 Sunt
337 2569 459 2630 autem
478 2552 699 2662 dssentanea
718 2554 817 2632 inter
822 2550 868 2657 ft
886 2551 989 2659 aeque
1011 2549 1235 2658 manfista:
1255 2550 1313 2630 al·

160 2680 350 2772 rerumque
375 2663 423 2742 ab
452 2665 570 2744 altero
601 2665 798 2774 aequaliter
829 2663 1011 2771 arguitur
1023 2693 1035 2755 ,·
1074 2664 1223 2768 tametst
1235 2662 1313 2769 stra

161 2774 360 2885 dfflrfione
378 2776 518 2855 clarius
537 2776 752 2883 elucescant.

218 2888 294 2968 Hae
320 2889 404 2967 duae
436 2887 523 2966 sunt
559 2891 813 2997 proprietates
843 2886 1171 2966 diffentaneorum
1200 2914 1309 2966 com-

161 3027 313 3081 munes.
375 3001 556 3080 Primum
581 3029 618 3083 n.
647 3002 687 3079 in
711 3000 973 3080 consentaneis
998 2998 1119 3078 causae
1146 2997 1311 3092 effodis

161 3110 329 3218 subjeda
349 3113 553 3218 adjundis,
578 3115 721 3221 priora,
738 3113 905 3205 notiora,
925 3110 1113 3205 firmiora,
1129 3111 1312 3219 praestan·

163 3223 261 3303 tiora
280 3225 463 3304 fuerunt:
495 3221 535 3303 in
563 3225 807 3306 diffentaneis
839 3224 1007 3304 alterum
1033 3224 1156 3303 altero
1184 3250 1313 3332 neque

160 3337 267 3441 prius
288 3364 415 3445 neque
436 3339 588 3430 notius;
618 3336 681 3416 sed
702 3357 838 3417 natura
859 3336 987 3429 simul,
1011 3337 1051 3414 in
1078 3334 1147 3415 illa
1166 3363 1312 3446 nempe

161 3447 402 3541 dissensione,
423 3469 462 3528 et
484 3447 593 3556 aeque
614 3467 720 3544 nota,
740 3447 847 3557 aqui
867 3448 982 3527 firma
1003 3449 1104 3527 inter
1130 3447 1168 3527 se
1194 3447 1310 3527 sunt:

162 3558 202 3636 id
230 3561 338 3667 quod
367 3561 514 3640 neceffe
544 3561 599 3640 est
618 3558 712 3640 cum
735 3562 875 3640 eodem
907 3559 1068 3641 nomine
1093 3586 1139 3638 ac
1169 3560 1313 3642 defini-

160 3672 266 3752 tione
287 3676 512 3753 tradentur.

217 3787 393 3865 Secunda
413 3813 570 3892 quoque
593 3784 820 3894 proprietas,
839 3811 959 3891 quam
980 3781 1198 3890 Arssoteles
1214 3810 1312 3863 con·

162 3899 286 3976 trariis
298 3899 447 4004 alligat,
462 3897 788 3976 dissentaneorum
801 3896 856 3975 est
868 3897 1051 3976 omnium
1066 3897 1310 3988 communis;

161 4034 303 4117 nempe
320 4009 399 4116 stra
428 4009 626 4119 dssirfione
653 4010 794 4088 clarius
818 4007 1027 4114 elucescere.
1086 4007 1209 4117 Qud
1241 4006 1312 4087 nist

159 4119 283 4214 fieret,
300 4142 578 4229 argumentum
594 4122 921 4200 diffentaneorum
934 4120 1078 4198 nullius
1095 4117 1185 4199 usus
1203 4118 1310 4200 effet.

159 4234 293 4314 Debet
313 4236 421 4314 enim
437 4261 555 4313 omne
572 4250 850 4341 argumentum
866 4232 1053 4311 affei'tum
1074 4229 1148 4310 effe
1168 4231 1217 4311 ad
1239 4231 1311 4312 ali·

158 4348 256 4455 quid
283 4348 527 4456 arguendum
552 4366 592 4425 et
616 4345 900 4426 illustrandum.
962 4351 1152 4457 Qorum
1176 4362 1311 4425 autem

158 4456 238 4539 haec
258 4461 313 4540 est
334 4461 547 4570 proprietas
564 4478 606 4539 ut
626 4455 733 4566 aeque
755 4476 844 4537 nota
860 4477 900 4537 et
915 4457 1048 4565 ignota
1069 4457 1157 4552 fint,
1170 4484 1311 4537 eorum
