2956 4980
170 190 245 320 188
401 225 563 320 Literae
588 228 780 319 Senatus
805 219 1077 353 Anglicani.

165 405 257 485 terit
273 433 355 513 quo
374 403 506 485 minbs
520 403 694 514 Reipub.
708 405 844 484 nostrae
864 403 993 484 hostes
1014 398 1176 511 quidvis
1197 397 1313 477 licere

164 517 235 596 fibi
261 535 396 596 contra
420 545 491 596 nos
518 517 559 594 in
586 516 681 596 urbe
700 516 824 596 vestri
849 514 1062 607 confidant,
1084 507 1212 620 quim
1237 536 1309 590 non

163 646 247 708 tuta
265 648 333 710 aut
351 627 513 708 honesta
535 628 705 736 amplius
729 628 949 707 nostrorum
971 626 1030 705 ibi
1052 623 1306 703 commoratio

163 740 223 832 fit,
251 768 320 820 vos
348 767 444 820 cum
471 740 613 819 animis
642 739 774 819 vestris
803 741 988 846 cogitate.
1053 736 1154 815 Haec
1182 731 1302 811 vestra

162 852 378 959 prudentie
407 872 447 932 et
475 852 679 958 aequitati;
709 851 793 929 Vos
823 851 923 958 ipsos
952 848 1107 928 Divino
1140 845 1298 925 Numini

162 961 457 1042 commendatos
475 963 671 1043 volumus.
731 961 884 1042 Valete.

249 1073 568 1182 Westmonasterio.
588 1075 688 1154 Dat.
702 1076 810 1181 Aug.
832 1099 896 1152 10.
924 1074 1043 1176 1649.

504 1373 662 1455 Senatui
679 1371 964 1478 Hamburgerfi.

165 1519 431 1712 PErspecta
460 1522 572 1601 nobis
596 1521 862 1630 aequanimitas
880 1519 1004 1599 vestra
1027 1518 1160 1598 dubiis
1185 1521 1225 1598 in
1247 1544 1293 1597 re·

279 1632 352 1712 bus
383 1632 535 1727 nostris,
564 1631 660 1713 facit
696 1659 801 1711 nunc
831 1650 875 1711 ut
905 1630 992 1711 sane
1021 1630 1230 1740 prosperis,
1261 1654 1293 1707 ac

160 1741 259 1822 bene
280 1745 410 1850 gestis,
427 1744 476 1823 dc
496 1744 620 1824 vestri
634 1744 849 1837 voluntate,
866 1760 907 1822 et
925 1743 1054 1823 amico
1074 1743 1116 1820 in
1136 1768 1207 1822 nos
1225 1742 1295 1822 ani-

161 1881 229 1933 mo
247 1881 497 1964 nequaquam
517 1856 759 1936 dubitemus.
819 1855 909 1934 Nos
928 1854 1107 1963 quidem,
1130 1851 1297 1933 consede

152 1964 239 2071 jam
251 1964 366 2072 poene
381 1966 501 2060 bello,
516 1986 557 2048 et
575 1967 793 2077 profligatis
809 1967 956 2074 ubique
972 1965 1106 2076 patriae
1120 1962 1299 2057 hostibus,
1345 2060 1348 2071 Ι

160 2073 261 2157 nihil
280 2079 442 2185 aequius,
463 2097 530 2158 aut
548 2081 597 2159 ad
616 2106 770 2188 pacem,
791 2105 954 2185 remque
974 2077 1178 2186 publicam
1199 2075 1304 2156 stabi·

160 2188 332 2268 liendam
356 2187 508 2270 firmius
534 2190 608 2270 esse
634 2190 837 2284 duximus,
861 2216 982 2298 quam
1007 2206 1052 2269 ut
1075 2186 1136 2266 illi
1158 2189 1232 2294 qui
1250 2188 1305 2267 vel

159 2297 397 2395 libertatem,
413 2302 574 2382 ductore
592 2301 744 2411 semper
755 2302 861 2394 Deo,
878 2328 949 2412 per
967 2327 1038 2379 nos
1057 2297 1129 2378 ade
1161 2300 1193 2378 ti
1211 2298 1309 2393 sunt,

163 2412 226 2492 vel
250 2412 374 2493 vitam
397 2433 513 2522 atque
538 2413 714 2494 fortunas
738 2413 825 2522 post
847 2411 942 2491 belli
969 2410 1097 2491 civilis
1121 2325 1310 2505 sicinora,

161 2522 292 2602 nostro
314 2522 419 2604 dono
444 2544 561 2631 atque
584 2525 709 2630 gratis
733 2541 978 2632 receperunt,
1007 2520 1120 2601 nobis
1144 2522 1313 2603 vicissim

162 2632 237 2714 suis
257 2634 555 2739 Magistratibus
575 2635 695 2715 fidem
715 2654 755 2715 ct
774 2635 966 2728 officium,
983 2631 1145 2724 solenni,
1163 2633 1192 2712 li
1212 2661 1314 2744 opus

160 2744 266 2837 esset,
286 2773 397 2824 more
416 2747 660 2840 testarentur,
681 2765 799 2855 atque
818 2745 1052 2856 praestarent.
1094 2745 1316 2825 Praesertim

160 2884 254 2936 cum
282 2875 341 2936 tot
365 2853 547 2938 homines
574 2860 740 2966 inquieti
772 2877 812 2938 et
841 2857 1009 2949 inimici,
1041 2854 1161 2935 semel
1192 2875 1316 2965 atque

160 2969 304 3047 iterum
324 2968 364 3046 in
385 2967 505 3048 fidem
526 2971 691 3078 accepti,
719 2969 874 3049 nullum
900 2996 1027 3074 neque
1046 2966 1158 3046 domi
1178 2994 1314 3077 neque

158 3077 252 3159 foris
271 3078 477 3188 perfidiose
498 3082 654 3186 agendi,
676 3080 871 3187 novasque
891 3079 1021 3160 turbas
1040 3079 1244 3160 excitandi
1268 3079 1316 3159 fi-

160 3216 252 3269 nem
272 3188 429 3271 faciant.
490 3191 628 3300 Itaque
648 3190 862 3271 formulam
881 3190 1078 3299 quandam
1098 3189 1316 3298 sponfionis

159 3301 472 3409 perscribendam
487 3304 723 3397 curavimus,
738 3302 816 3412 qud
832 3329 967 3382 omnes
986 3302 1056 3410 qui
1075 3319 1143 3381 aut
1162 3330 1314 3384 munus

159 3412 318 3519 aliquod
349 3413 391 3490 in
416 3414 575 3521 Repub.
609 3413 852 3508 sustinerent,
881 3431 949 3492 aut
973 3412 1109 3521 legum
1133 3413 1314 3521 praelidio

158 3524 304 3602 muniti
323 3523 609 3619 incolumitate,
629 3527 725 3619 otio,
745 3524 965 3633 caeterisque
980 3526 1068 3604 vitae
1085 3525 1314 3606 commodis

159 3632 394 3728 fruerentur,
414 3638 613 3747 conceptis
632 3637 760 3716 verbis
779 3639 816 3715 se
835 3635 1134 3744 obstringerent.
1187 3637 1313 3718 Hanc

157 3747 279 3825 etiam
305 3776 376 3857 per
406 3776 543 3828 omnes
576 3749 760 3828 Colonias
791 3767 831 3828 ct
860 3775 1094 3857 quacunque
1125 3750 1313 3855 gentium

159 3858 279 3937 nostri
311 3861 415 3938 cives
453 3861 681 3966 negotiandi
713 3860 828 3941 causi
858 3878 1037 3967 agerunt,
1072 3860 1313 3941 mittendam

159 3969 402 4062 censuimus;
425 3990 618 4051 uteorum
630 3970 773 4081 quibus
786 3971 1178 4081 praeficimur,fidem,
1191 3992 1313 4080 prout

158 4080 270 4158 decet
289 4099 406 4188 atque
426 4083 573 4163 necesse
593 4085 663 4178 est,
688 4082 932 4193 exploratam
955 4101 995 4163 et
1013 4085 1218 4192 cognitam
1238 4082 1312 4163 ha-

158 4190 333 4271 beamus.
395 4196 490 4302 Qo
524 4198 650 4301 magis
681 4196 816 4273 mirari
851 4194 954 4274 subit
986 4195 1094 4302 quod
1125 4222 1178 4275 ex
1211 4195 1311 4275 urbe

158 4302 280 4382 vestri
299 4323 531 4384 mercatores
550 4307 669 4385 nostri
688 4305 876 4400 scribunt,
893 4306 963 4386 fibi
979 4307 1162 4387 mandata
1181 4305 1311 4387 nostra

157 4442 227 4522 per
253 4442 377 4494 unum
401 4434 517 4522 atque
542 4418 708 4497 alterum
736 4418 851 4498 vestri
880 4418 1026 4497 ordinis
1053 4417 1199 4527 exequi
1230 4446 1309 4498 non
