2956 4980
374 227 588 363 Epistolae
617 227 896 327 Familiares,
1135 271 1216 353 405

179 695 246 774 26.
278 694 514 803 Illrestriffimo
534 695 693 776 Domino
714 695 891 774 Henrico
911 694 959 773 de
981 693 1102 775 Brass.

116 852 324 960 Mpeditus
353 883 423 963 per
449 853 564 935 hosce
588 856 670 935 dies
701 856 1024 965 occupationibus
1052 855 1215 965 quibus-

143 966 250 1060 dam,
273 967 528 1046 lllustrislime
548 969 740 1061 Domine,
770 967 887 1047 serius
908 967 1074 1048 rescribo
1093 996 1214 1076 quam

63 1076 259 1157 volebam.
303 1079 499 1159 Volebam
512 1083 619 1158 enim
632 1108 679 1160 eo
692 1080 822 1173 eitius,
838 1083 944 1188 quod
960 1081 1110 1160 Literas
1131 1100 1214 1161 tuas

64 1189 191 1269 multas
204 1190 288 1295 jam
314 1218 418 1271 nunc
443 1192 661 1271 eruditione
689 1192 837 1299 plenas,
863 1219 941 1271 non
973 1210 1054 1272 tam
1080 1195 1215 1300 praeci-

63 1300 199 1407 piendi
213 1303 286 1382 tibi
297 1303 576 1412 quicquam(id
588 1301 806 1412 quodime
819 1301 977 1383 honoris
989 1303 1107 1383 eredo
1118 1306 1214 1398 mei,

63 1439 143 1490 non
155 1415 243 1494 usus
257 1417 314 1495 tui
325 1417 441 1496 caussa
452 1415 765 1525 postulas)quam
779 1416 998 1522 gratulandi
1010 1416 1214 1509 duntaxat,

63 1523 259 1632 reliquisse
280 1527 382 1606 mihi
402 1529 535 1607 locum
554 1528 751 1607 videbam.
811 1528 1000 1607 Gratulor
1019 1546 1151 1607 autem
1174 1546 1215 1606 et

64 1635 166 1714 mihi
186 1640 383 1746 imprimis
407 1639 652 1719 foelicitatem
679 1668 826 1733 meam,
851 1641 922 1746 qui
942 1638 1112 1747 Sallustii
1130 1637 1213 1718 sen-

63 1750 231 1828 tentiam
251 1752 305 1830 ita
330 1752 539 1831 commode
564 1751 770 1861 explicasse
790 1750 937 1844 videar,
965 1770 1005 1830 et
1029 1751 1102 1830 tibi
1131 1773 1213 1831 tam

63 1859 252 1940 assrduam
266 1864 371 1942 illius
388 1865 554 1943 auctoris
570 1863 835 1975 sapientissimi
851 1882 958 1942 tanto
971 1891 1063 1943 cum
1083 1861 1212 1942 fructu

63 1971 288 2053 lessionem.
339 1977 404 2054 De
420 2004 500 2082 quo
513 1976 619 2056 idem
636 1976 709 2055 tibi
723 1974 845 2055 aus1n1
861 1974 1091 2055 confirmare
1105 1974 1213 2083 quod

62 2082 111 2162 de
130 2085 303 2167 Cicerone
321 2088 591 2194 Qintilionus,
616 2087 709 2167 sciat
736 2088 772 2167 se
800 2084 904 2166 haud
932 2114 1073 2196 parurn
1100 2089 1141 2165 in
1173 2115 1214 2166 re

63 2195 265 2277 Historica
283 2199 487 2307 profecisse
502 2202 568 2280 cui
584 2200 736 2308 placeat
752 2198 957 2307 Sallustius.
1019 2199 1124 2277 Illud
1143 2227 1214 2278 au·

62 2324 145 2386 tem
172 2312 257 2390 Ari
281 2312 384 2391 otelis
412 2332 652 2422 praeceptum
681 2339 731 2390 ex
762 2309 1068 2390 Rhetoricorum
1099 2311 1214 2390 tertio

63 2421 172 2524 quod
200 2423 445 2531 explicatum
470 2426 597 2533 cupis,
624 2423 832 2502 Sententiis
863 2421 1055 2501 utendum
1084 2421 1140 2501 est
1172 2423 1215 2498 in

63 2535 284 2615 narratione
304 2537 404 2616 etin
425 2535 516 2629 fide,
545 2553 742 2615 moratum
761 2535 871 2614 enim
890 2534 968 2627 est;
1000 2560 1079 2613 non
1098 2533 1214 2613 video

62 2644 161 2750 quid
181 2644 323 2727 habeat
340 2674 580 2757 magnopere
600 2647 895 2756 explicandum,
921 2645 1042 2726 modo
1061 2665 1106 2725 ut
1125 2673 1214 2726 nar-

62 2757 161 2836 ratio
181 2777 220 2837 et
240 2759 350 2853 fides,
377 2787 464 2867 quae
482 2779 522 2839 et
542 2758 721 2867 probatio
745 2760 825 2838 dici
849 2756 958 2851 solet,
984 2784 1029 2836 ea
1056 2755 1123 2836 hic
1152 2758 1212 2835 in-

62 2866 277 2975 telligatur,
305 2872 383 2980 qui
410 2868 577 2965 Rhetor‚
610 2898 689 2951 non
715 2870 793 2978 qud
819 2869 1043 2948 Historicus
1063 2869 1211 2948 utitur:

63 2976 220 3062 diversae
237 2984 347 3063 enim
372 2982 460 3063 sunt
479 3003 606 3092 partes
631 2981 818 3062 Rhetoris
842 3000 881 3061 et
905 2978 1112 3076 Historici,
1137 2980 1213 3059 five

62 3115 232 3190 narrant,
254 3096 329 3175 five
349 3095 539 3203 probant;
569 3093 907 3203 quemadmodum
930 3110 970 3171 et
989 3094 1105 3173 Artes
1125 3091 1214 3201 ipsae

62 3203 166 3283 inter
188 3206 224 3285 se
255 3206 409 3286 diversa
434 3207 533 3287 sunt.
595 3206 707 3318 Qid
733 3224 866 3285 autem
890 3205 1097 3284 conveniat
1116 3202 1212 3282 His·

61 3317 201 3411 torico,
215 3346 265 3398 ex
285 3320 523 3398 Auctoribus
543 3319 712 3425 antiquis
729 3315 891 3427 Polybio,
907 3315 1212 3426 Halicorneffaeo,

62 3427 241 3524 Diodoro,
260 3433 446 3525 Cicerone,
463 3431 648 3524 Lucieno,
663 3429 824 3537 aliisque
842 3428 992 3522 multis,
1008 3430 1079 3535 qui
1098 3457 1143 3508 ea
1163 3428 1212 3506 de

62 3565 104 3617 re
122 3562 313 3651 praecepta
332 3544 510 3651 quaedam
537 3541 693 3651 sparfim
717 3541 922 3634 tradidere,
947 3542 1090 3620 rectius
1108 3540 1213 3620 didi·

60 3653 174 3732 ceris.
234 3658 323 3762 Ego
342 3684 435 3735 vero
455 3673 495 3735 et
515 3654 743 3734 studiis-tuis
763 3672 803 3733 et
821 3651 1026 3733 itineribus
1046 3652 1213 3732 secunda

61 3767 196 3844 omnia
212 3785 330 3877 atque
349 3786 433 3847 tuta
451 3785 612 3875 exopto,
627 3765 844 3873 digndsque
860 3764 1046 3844 successus
1065 3792 1113 3844 eo
1127 3764 1213 3844 ani·
1287 3769 1290 3776 '

59 3904 130 3957 mo
149 3905 195 3958 ac
213 3879 431 3987 diligentia,
451 3906 571 3986 quam
592 3879 706 3958 rebus
726 3873 943 3986 quibusque
961 3876 1123 3985 optimis
1142 3876 1212 3955 ad-

60 3988 197 4070 hibere
218 4010 256 4071 te
275 3993 403 4071 video.
462 3990 575 4070 Vale.

148 4102 295 4211 Westm.
317 4103 513 4208 Decemb.
543 4103 604 4182 16.
633 4102 751 4207 1657.
