2956 4980
466 204 758 338 Prolusiones
785 244 1023 340 Oratoriae.
1252 290 1333 374 437

503 564 559 654 In
585 557 764 654 Scholis
790 557 1006 655 Publicis.

263 815 350 893 Non
369 811 658 919 danturformae
670 808 856 917 partiales
875 809 913 889 in
932 809 1089 889 animali
1095 829 1242 919 praeter

670 923 831 1001 totalem.
847 1000 858 1020 ‚

280 1096 431 1174 Omani
450 1122 582 1173 rerum
602 1094 697 1171 olim
720 1094 890 1172 Domini
913 1093 1141 1174 altillimum
1166 1097 1324 1206 imperii

305 1205 507 1313 fastigium
526 1205 658 1313 adepti
677 1205 778 1298 sunt,
799 1207 913 1313 quale
938 1233 1010 1284 nec
1029 1206 1181 1316 Astyria
1200 1210 1323 1316 Mag-

172 1317 327 1411 nitudo,
343 1347 415 1398 nec
433 1320 570 1397 Virtus
585 1315 840 1414 Macedonica,
860 1343 1035 1423 unquam
1055 1322 1186 1426 potuit
1204 1322 1323 1400 attin-

172 1455 280 1534 gere,
300 1429 382 1538 qub
402 1458 473 1509 nec
494 1427 624 1540 sutura
644 1432 804 1535 Regum
818 1427 1001 1532 Majestas
1016 1429 1153 1510 efferre
1170 1431 1206 1510 se
1223 1432 1323 1511 olim

171 1540 341 1620 valebit:
364 1543 438 1621 sive
459 1541 539 1650 ipse
552 1541 715 1649 Jupiter
732 1542 841 1620 annis
853 1541 938 1646 jam
959 1543 1127 1648 gravior,
1141 1544 1321 1650 coeloque

171 1672 377 1733 contentus
397 1654 465 1733 suo
485 1656 526 1732 in
538 1656 665 1732 otium
687 1653 723 1732 se
744 1653 892 1731 tradere
908 1654 1089 1746 voluerit,
1106 1656 1319 1735 commillis

171 1764 328 1872 Populo
358 1768 542 1845 Romano
571 1783 758 1872 tanquam
788 1765 878 1843 Diis
917 1764 1156 1845 terrestribus
1186 1778 1318 1846 rerum'

168 1872 435 1957 humanarum
454 1876 639 1970 habenis;
672 1876 745 1955 five
767 1874 842 1955 hoc
863 1876 1027 1955 Saturno
1044 1876 1154 1957 Patri
1173 1878 1214 1956 in
1231 1881 1316 1958 Ita·
1447 1890 1449 1895 ’

168 1987 257 2067 liam
279 1989 432 2069 detruso
460 1990 508 2068 ad
535 1989 659 2067 amisii
685 1988 776 2067 coeli
802 1987 981 2066 solatium
1008 1989 1247 2082 concesserit,
1273 2009 1318 2070 ut

168 2100 337 2206 Qirites
353 2100 434 2206 ejus
449 2118 626 2210 nepotes,
638 2098 827 2207 quicquid
846 2098 998 2207 uspiam
1012 2100 1080 2194 est,
1096 2122 1216 2195 terrae,
1233 2130 1318 2180 ma-

167 2211 295 2319 risque
316 2215 548 2322 potirentur.
609 2213 825 2319 Utcunque
845 2230 950 2290 certe
974 2239 1053 2291 non
1074 2213 1176 2291 ultro
1197 2214 1317 2320 largi-

168 2340 229 2402 tus
257 2325 312 2403 est
336 2324 413 2404 hoc
437 2324 514 2403 illis
547 2322 799 2416 beneficium,
828 2322 892 2401 sed
923 2350 993 2431 per
1018 2323 1162 2402 affidua
1198 2324 1313 2418 bella,

166 2462 315 2542 perque
336 2437 473 2544 longos
493 2434 641 2515 labores
665 2461 765 2541 aegre
784 2434 907 2527 dedit,
937 2436 1208 2542 exploraturus
1228 2437 1316 2544 opi-

166 2574 254 2640 nor,
273 2575 322 2625 an
335 2547 497 2627 Romani
506 2547 576 2626 soli
590 2547 701 2652 digni
717 2548 955 2639 viderentur,
971 2548 1041 2653 qui
1054 2547 1199 2626 summi
1211 2549 1315 2628 vices

166 2658 284 2764 Jovir
303 2661 404 2739 inter
422 2658 606 2738 mortales
626 2678 828 2765 gererent;
860 2658 991 2764 itaque
1011 2687 1126 2768 parce
1146 2659 1315 2740 duriter-

163 2799 243 2878 que
263 2772 385 2850 vitam
404 2772 546 2879 degere
565 2773 690 2850 coasti
706 2770 806 2864 sunt,
826 2771 975 2877 quippe
994 2769 1193 2851 inchoatas
1209 2773 1314 2880 pacis

162 2883 370 2962 blanditias
386 2882 543 2990 abrupit
555 2881 707 2991 semper
719 2882 812 2960 belli
825 2882 988 2974 clamor,
1001 2902 1040 2961 et
1055 2883 1312 2962 circumcirca

164 2993 345 3103 strepitus
366 3022 581 3075 armorum.
641 2996 707 3073 Ad
723 2992 818 3086 haec,
831 2993 992 3072 devietis
1012 2993 1230 3101 quibusque
1248 3022 1313 3072 ur-

164 3106 279 3186 bibus
299 3125 339 3185 et
358 3107 569 3214 provinciis
590 3105 760 3213 praefidia
779 3107 982 3213 imponere
996 3124 1036 3184 et
1051 3104 1184 3212 saepius
1200 3133 1313 3184 reno-

163 3245 253 3297 vare
280 3218 427 3297 necesse
452 3216 637 3311 habuere,
668 3244 908 3322 omnemque
938 3244 1037 3324 pene
1060 3216 1312 3320 juventutem

162 3356 269 3409 nunc
288 3331 328 3409 in
350 3330 608 3437 longinquam
624 3329 824 3421 militiam,
840 3355 945 3406 nunc
964 3328 1004 3404 in
1024 3329 1195 3408 colonias
1215 3330 1311 3409 mit-

163 3459 258 3521 tere.
319 3438 519 3521 Caeteritm
549 3469 626 3520 non
656 3442 901 3519 incruentam
930 3437 1080 3547 semper
1106 3442 1311 3521 vistoriam

161 3552 328 3632 domum
349 3553 609 3662 reportarunt,
624 3553 750 3630 immo
765 3551 857 3660 saepe
879 3549 1040 3631 funestis
1059 3550 1234 3632 cladibus
1249 3551 1309 3632 af·

160 3663 256 3744 festi
275 3665 375 3744 sunt.
435 3665 641 3771 Siquidem
661 3666 834 3743 Brennus
853 3663 1063 3742 Gallorum
1079 3665 1177 3743 Dux
1192 3664 1310 3744 vires-

160 3796 318 3856 centem
346 3777 467 3856 modo
499 3777 702 3856 Romanam
736 3775 903 3882 gloriam
937 3802 1037 3881 pene
1067 3774 1233 3868 delevit;
1269 3797 1309 3854 et

160 3915 302 3997 parum
332 3886 472 3980 abfuit,
497 3916 576 3995 quo
604 3889 735 3966 minus
766 3886 953 3964 divinitus
978 3884 1174 3964 creditum
1203 3886 1308 3965 orbis

160 3999 415 4079 moderamen
436 3999 651 4108 abripuerit
673 4000 799 4077 Romae
821 3996 1014 4101 Carthago
1034 3995 1124 4074 urbs
1146 3997 1307 4077 nobilis-

159 4112 268 4191 fima.
329 4111 516 4216 Denique
536 4111 651 4190 Gothi
660 4128 699 4188 et
713 4110 753 4186 V
746 4105 912 4186 andalici
923 4105 991 4185 sub
1006 4108 1164 4187 Alarico
1179 4111 1306 4217 Rege,

159 4221 364 4331 Hunnique
383 4241 422 4301 et
442 4222 606 4302 Panonii
621 4221 761 4329 Attyla
783 4238 823 4298 et
842 4215 960 4297 Bleda
981 4219 1161 4298 Ducibus
1184 4238 1306 4301 totam

155 4335 389 4415 inundantes
401 4333 569 4427 Italiam,
586 4332 867 4413 florentiffimas
882 4330 1040 4438 imperii
1059 4358 1167 4438 opes,
1180 4360 1230 4410 ex
1250 4350 1308 4411 tot

158 4445 355 4526 bellorum
376 4445 507 4554 spoliis
527 4445 715 4553 aggestas,
737 4443 889 4534 misere,
902 4441 1114 4550 diripuere,
1130 4446 1308 4523 Romanos
