<?xml version="1.0" encoding="UTF-8"?>
<!DOCTYPE html PUBLIC "-//W3C//DTD XHTML 1.0 Transitional//EN"
    "http://www.w3.org/TR/xhtml1/DTD/xhtml1-transitional.dtd">
<html xmlns="http://www.w3.org/1999/xhtml" xml:lang="en" lang="en">
 <head>
  <title>
</title>
<meta http-equiv="Content-Type" content="text/html;charset=utf-8" />
  <meta name='ocr-system' content='tesseract 3.04.00' />
  <meta name='ocr-capabilities' content='ocr_page ocr_carea ocr_par ocr_line ocrx_word'/>
</head>
<body>
  <div class='ocr_page' id='page_1' title='image "./worksjohnmilton06miltgoog_0332.png"; bbox 0 0 2956 4980; ppageno 0'>
   <div class='ocr_carea' id='block_1_1' title="bbox 386 206 1308 332">
    <p class='ocr_par' dir='ltr' id='par_1_1' title="bbox 386 206 1308 332">
     <span class='ocr_line' id='line_1_1' title="bbox 386 206 1308 332; baseline -0.002 -26"><span class='ocrx_word' id='word_1_1' title='bbox 386 212 548 313; x_wconf 85' lang='lat' dir='ltr'>Literae</span> <span class='ocrx_word' id='word_1_2' title='bbox 574 206 767 306; x_wconf 91' lang='lat' dir='ltr'>Oliverii</span> <span class='ocrx_word' id='word_1_3' title='bbox 793 212 1082 307; x_wconf 66' lang='lat' dir='ltr'>Protestoris.</span> <span class='ocrx_word' id='word_1_4' title='bbox 1229 249 1308 332; x_wconf 86' lang='lat'>3¹7</span> 
     </span>
    </p>
   </div>
   <div class='ocr_carea' id='block_1_2' title="bbox 156 386 1329 4631">
    <p class='ocr_par' dir='ltr' id='par_1_2' title="bbox 156 386 1329 4631">
     <span class='ocr_line' id='line_1_2' title="bbox 157 386 1311 482; baseline 0.001 -15"><span class='ocrx_word' id='word_1_5' title='bbox 157 386 292 482; x_wconf 92' lang='lat' dir='ltr'>moda,</span> <span class='ocrx_word' id='word_1_6' title='bbox 332 390 459 467; x_wconf 91' lang='lat' dir='ltr'>multa</span> <span class='ocrx_word' id='word_1_7' title='bbox 497 386 671 467; x_wconf 92' lang='lat' dir='ltr'>hostium</span> <span class='ocrx_word' id='word_1_8' title='bbox 708 389 985 467; x_wconf 91' lang='lat' dir='ltr'>communium</span> <span class='ocrx_word' id='word_1_9' title='bbox 1023 388 1167 466; x_wconf 87' lang='lat' dir='ltr'>exinde</span> <span class='ocrx_word' id='word_1_10' title='bbox 1207 389 1311 469; x_wconf 90' lang='lat' dir='ltr'>mala</span> 
     </span>
     <span class='ocr_line' id='line_1_3' title="bbox 156 499 1311 594; baseline 0.001 -15"><span class='ocrx_word' id='word_1_11' title='bbox 156 500 360 594; x_wconf 91' lang='lat' dir='ltr'>testantur,</span> <span class='ocrx_word' id='word_1_12' title='bbox 376 499 553 579; x_wconf 86' lang='lat' dir='ltr'>accidisse</span> <span class='ocrx_word' id='word_1_13' title='bbox 573 500 754 578; x_wconf 89' lang='lat' dir='ltr'>miseram</span> <span class='ocrx_word' id='word_1_14' title='bbox 775 500 885 578; x_wconf 90' lang='lat' dir='ltr'>illam</span> <span class='ocrx_word' id='word_1_15' title='bbox 905 500 1223 579; x_wconf 87' lang='lat' dir='ltr'>Convallensrum</span> <span class='ocrx_word' id='word_1_16' title='bbox 1243 529 1311 580; x_wconf 93' lang='lat' dir='ltr'>oc·</span> 
     </span>
     <span class='ocr_line' id='line_1_4' title="bbox 157 610 1310 719; baseline 0.002 -29"><span class='ocrx_word' id='word_1_17' title='bbox 157 611 362 706; x_wconf 85' lang='lat' dir='ltr'>cisionem,</span> <span class='ocrx_word' id='word_1_18' title='bbox 391 639 564 719; x_wconf 91' lang='lat' dir='ltr'>quorum</span> <span class='ocrx_word' id='word_1_19' title='bbox 593 610 749 690; x_wconf 88' lang='lat' dir='ltr'>causam</span> <span class='ocrx_word' id='word_1_20' title='bbox 773 611 947 718; x_wconf 93' lang='lat' dir='ltr'>undique</span> <span class='ocrx_word' id='word_1_21' title='bbox 975 611 1164 690; x_wconf 83' lang='lat' dir='ltr'>desertam</span> <span class='ocrx_word' id='word_1_22' title='bbox 1194 633 1310 719; x_wconf 88' lang='lat' dir='ltr'>atque</span> 
     </span>
     <span class='ocr_line' id='line_1_5' title="bbox 157 719 1310 849; baseline 0.001 -47"><span class='ocrx_word' id='word_1_23' title='bbox 157 719 348 802; x_wconf 73' lang='lat' dir='ltr'>afflidtam</span> <span class='ocrx_word' id='word_1_24' title='bbox 377 723 509 802; x_wconf 86' lang='lat' dir='ltr'>vestrae</span> <span class='ocrx_word' id='word_1_25' title='bbox 537 721 823 849; x_wconf 78' lang='lat' dir='ltr'>misericordiae,</span> <span class='ocrx_word' id='word_1_26' title='bbox 853 742 969 829; x_wconf 90' lang='lat' dir='ltr'>atque</span> <span class='ocrx_word' id='word_1_27' title='bbox 1000 722 1128 801; x_wconf 89' lang='lat' dir='ltr'>tutelae</span> <span class='ocrx_word' id='word_1_28' title='bbox 1155 722 1310 804; x_wconf 92' lang='lat' dir='ltr'>summo</span> 
     </span>
     <span class='ocr_line' id='line_1_6' title="bbox 158 833 1329 915; baseline 0.002 -2"><span class='ocrx_word' id='word_1_29' title='bbox 158 861 255 913; x_wconf 90' lang='lat' dir='ltr'>cum</span> <span class='ocrx_word' id='word_1_30' title='bbox 283 835 419 913; x_wconf 88' lang='lat' dir='ltr'>ardore</span> <span class='ocrx_word' id='word_1_31' title='bbox 444 834 566 914; x_wconf 90' lang='lat' dir='ltr'>animi</span> <span class='ocrx_word' id='word_1_32' title='bbox 590 861 634 912; x_wconf 87' lang='lat' dir='ltr'>ac</span> <span class='ocrx_word' id='word_1_33' title='bbox 658 833 904 913; x_wconf 89' lang='lat' dir='ltr'>miseratione</span> <span class='ocrx_word' id='word_1_34' title='bbox 930 834 1307 915; x_wconf 83' lang='lat' dir='ltr'>commendavimus</span> <span class='ocrx_word' id='word_1_35' title='bbox 1316 888 1329 903; x_wconf 88' lang='lat'><strong>·</strong></span> 
     </span>
     <span class='ocr_line' id='line_1_7' title="bbox 158 943 1310 1054; baseline 0.003 -30"><span class='ocrx_word' id='word_1_36' title='bbox 158 946 253 1025; x_wconf 90' lang='lat' dir='ltr'>Nec</span> <span class='ocrx_word' id='word_1_37' title='bbox 276 943 438 1024; x_wconf 77' lang='lat' dir='ltr'>defuisse</span> <span class='ocrx_word' id='word_1_38' title='bbox 463 973 533 1054; x_wconf 92' lang='lat' dir='ltr'>per</span> <span class='ocrx_word' id='word_1_39' title='bbox 558 945 594 1024; x_wconf 89' lang='lat' dir='ltr'>se</span> <span class='ocrx_word' id='word_1_40' title='bbox 621 945 855 1024; x_wconf 85' lang='lat' dir='ltr'>arbitramur</span> <span class='ocrx_word' id='word_1_41' title='bbox 875 945 1124 1051; x_wconf 87' lang='lat' dir='ltr'>Majestatem</span> <span class='ocrx_word' id='word_1_42' title='bbox 1144 947 1310 1027; x_wconf 91' lang='lat' dir='ltr'>vestram</span> 
     </span>
     <span class='ocr_line' id='line_1_8' title="bbox 157 1055 1311 1167; baseline 0.003 -32"><span class='ocrx_word' id='word_1_43' title='bbox 157 1057 291 1138; x_wconf 92' lang='lat' dir='ltr'>officio</span> <span class='ocrx_word' id='word_1_44' title='bbox 311 1077 393 1136; x_wconf 91' lang='lat' dir='ltr'>tam</span> <span class='ocrx_word' id='word_1_45' title='bbox 413 1057 494 1165; x_wconf 92' lang='lat' dir='ltr'>pio,</span> <span class='ocrx_word' id='word_1_46' title='bbox 516 1058 643 1135; x_wconf 93' lang='lat' dir='ltr'>immo</span> <span class='ocrx_word' id='word_1_47' title='bbox 658 1056 750 1134; x_wconf 85' lang='lat' dir='ltr'>verb</span> <span class='ocrx_word' id='word_1_48' title='bbox 772 1075 854 1135; x_wconf 91' lang='lat' dir='ltr'>tam</span> <span class='ocrx_word' id='word_1_49' title='bbox 873 1055 1048 1136; x_wconf 89' lang='lat' dir='ltr'>humano</span> <span class='ocrx_word' id='word_1_50' title='bbox 1051 1085 1149 1166; x_wconf 92' lang='lat' dir='ltr'>,pro</span> <span class='ocrx_word' id='word_1_51' title='bbox 1169 1059 1213 1137; x_wconf 91' lang='lat' dir='ltr'>ea</span> <span class='ocrx_word' id='word_1_52' title='bbox 1232 1060 1311 1167; x_wconf 90' lang='lat' dir='ltr'>qua</span> 
     </span>
     <span class='ocr_line' id='line_1_9' title="bbox 157 1167 1310 1277; baseline 0.003 -31"><span class='ocrx_word' id='word_1_53' title='bbox 157 1167 264 1277; x_wconf 93' lang='lat' dir='ltr'>apud</span> <span class='ocrx_word' id='word_1_54' title='bbox 284 1171 431 1248; x_wconf 86' lang='lat' dir='ltr'><em>Ducem</em></span> <span class='ocrx_word' id='word_1_55' title='bbox 452 1167 650 1248; x_wconf 58' lang='lat' dir='ltr'>sabaudiae</span> <span class='ocrx_word' id='word_1_56' title='bbox 669 1168 797 1247; x_wconf 90' lang='lat' dir='ltr'>valere</span> <span class='ocrx_word' id='word_1_57' title='bbox 826 1168 962 1247; x_wconf 89' lang='lat' dir='ltr'>debuit</span> <span class='ocrx_word' id='word_1_58' title='bbox 989 1169 1053 1247; x_wconf 87' lang='lat' dir='ltr'>vel</span> <span class='ocrx_word' id='word_1_59' title='bbox 1081 1172 1310 1250; x_wconf 65' lang='lat' dir='ltr'>auetoritate</span> 
     </span>
     <span class='ocr_line' id='line_1_10' title="bbox 158 1278 1311 1388; baseline 0.003 -31"><span class='ocrx_word' id='word_1_60' title='bbox 158 1281 222 1360; x_wconf 91' lang='lat' dir='ltr'>vel</span> <span class='ocrx_word' id='word_1_61' title='bbox 242 1281 392 1387; x_wconf 84' lang='lat' dir='ltr'>gratia:</span> <span class='ocrx_word' id='word_1_62' title='bbox 415 1309 484 1360; x_wconf 91' lang='lat' dir='ltr'>nos</span> <span class='ocrx_word' id='word_1_63' title='bbox 504 1278 608 1359; x_wconf 70' lang='lat' dir='ltr'>certe</span> <span class='ocrx_word' id='word_1_64' title='bbox 624 1279 768 1386; x_wconf 90' lang='lat' dir='ltr'>aliique</span> <span class='ocrx_word' id='word_1_65' title='bbox 785 1280 903 1360; x_wconf 93' lang='lat' dir='ltr'>multi</span> <span class='ocrx_word' id='word_1_66' title='bbox 921 1280 1121 1388; x_wconf 90' lang='lat' dir='ltr'>Principes</span> <span class='ocrx_word' id='word_1_67' title='bbox 1136 1309 1181 1358; x_wconf 91' lang='lat' dir='ltr'>ac</span> <span class='ocrx_word' id='word_1_68' title='bbox 1198 1283 1311 1360; x_wconf 92' lang='lat' dir='ltr'>Civi-</span> 
     </span>
     <span class='ocr_line' id='line_1_11' title="bbox 158 1391 1309 1500; baseline 0.002 -31"><span class='ocrx_word' id='word_1_69' title='bbox 158 1412 273 1485; x_wconf 88' lang='lat' dir='ltr'>tates,</span> <span class='ocrx_word' id='word_1_70' title='bbox 288 1393 586 1500; x_wconf 89' lang='lat' dir='ltr'>Legationibus,</span> <span class='ocrx_word' id='word_1_71' title='bbox 600 1393 758 1484; x_wconf 91' lang='lat' dir='ltr'>Literis,</span> <span class='ocrx_word' id='word_1_72' title='bbox 771 1391 955 1470; x_wconf 85' lang='lat' dir='ltr'>Precibus</span> <span class='ocrx_word' id='word_1_73' title='bbox 970 1391 1216 1500; x_wconf 89' lang='lat' dir='ltr'>interpofitis,</span> <span class='ocrx_word' id='word_1_74' title='bbox 1232 1421 1309 1471; x_wconf 94' lang='lat' dir='ltr'>non</span> 
     </span>
     <span class='ocr_line' id='line_1_12' title="bbox 157 1501 1311 1608; baseline 0.001 -25"><span class='ocrx_word' id='word_1_75' title='bbox 157 1503 375 1584; x_wconf 87' lang='lat' dir='ltr'>defuimus.</span> <span class='ocrx_word' id='word_1_76' title='bbox 409 1504 499 1582; x_wconf 92' lang='lat' dir='ltr'>Post</span> <span class='ocrx_word' id='word_1_77' title='bbox 514 1504 820 1583; x_wconf 86' lang='lat' dir='ltr'>cruentiffimam</span> <span class='ocrx_word' id='word_1_78' title='bbox 834 1501 1032 1608; x_wconf 91' lang='lat' dir='ltr'>utriusque</span> <span class='ocrx_word' id='word_1_79' title='bbox 1053 1503 1163 1583; x_wconf 83' lang='lat' dir='ltr'>sexus</span> <span class='ocrx_word' id='word_1_80' title='bbox 1182 1507 1311 1585; x_wconf 91' lang='lat' dir='ltr'>omnis</span> 
     </span>
     <span class='ocr_line' id='line_1_13' title="bbox 158 1614 1311 1724; baseline 0.001 -30"><span class='ocrx_word' id='word_1_81' title='bbox 158 1616 280 1695; x_wconf 87' lang='lat' dir='ltr'>aetatis</span> <span class='ocrx_word' id='word_1_82' title='bbox 301 1615 619 1708; x_wconf 87' lang='lat' dir='ltr'>trucidationem,</span> <span class='ocrx_word' id='word_1_83' title='bbox 637 1643 715 1724; x_wconf 85' lang='lat' dir='ltr'>pax</span> <span class='ocrx_word' id='word_1_84' title='bbox 736 1615 894 1693; x_wconf 91' lang='lat' dir='ltr'>tandem</span> <span class='ocrx_word' id='word_1_85' title='bbox 909 1614 997 1692; x_wconf 90' lang='lat' dir='ltr'>data</span> <span class='ocrx_word' id='word_1_86' title='bbox 1013 1614 1082 1706; x_wconf 89' lang='lat' dir='ltr'>est,</span> <span class='ocrx_word' id='word_1_87' title='bbox 1098 1615 1159 1693; x_wconf 92' lang='lat' dir='ltr'>vel</span> <span class='ocrx_word' id='word_1_88' title='bbox 1180 1617 1311 1724; x_wconf 88' lang='lat' dir='ltr'>potius</span> 
     </span>
     <span class='ocr_line' id='line_1_14' title="bbox 159 1725 1313 1836; baseline 0 -30"><span class='ocrx_word' id='word_1_89' title='bbox 159 1726 323 1806; x_wconf 59' lang='lat' dir='ltr'>inducta</span> <span class='ocrx_word' id='word_1_90' title='bbox 337 1728 443 1836; x_wconf 83' lang='lat' dir='ltr'>pacis</span> <span class='ocrx_word' id='word_1_91' title='bbox 459 1729 619 1807; x_wconf 91' lang='lat' dir='ltr'>nomine</span> <span class='ocrx_word' id='word_1_92' title='bbox 635 1726 825 1806; x_wconf 89' lang='lat' dir='ltr'>hostilitas</span> <span class='ocrx_word' id='word_1_93' title='bbox 840 1725 1018 1833; x_wconf 87' lang='lat' dir='ltr'>quaedam</span> <span class='ocrx_word' id='word_1_94' title='bbox 1036 1729 1195 1806; x_wconf 73' lang='lat' dir='ltr'>tectior:</span> <span class='ocrx_word' id='word_1_95' title='bbox 1217 1755 1313 1806; x_wconf 94' lang='lat' dir='ltr'>con-</span> 
     </span>
     <span class='ocr_line' id='line_1_15' title="bbox 161 1837 1310 1948; baseline -0.001 -30"><span class='ocrx_word' id='word_1_96' title='bbox 161 1839 333 1919; x_wconf 91' lang='lat' dir='ltr'>ditiones</span> <span class='ocrx_word' id='word_1_97' title='bbox 361 1839 467 1948; x_wconf 88' lang='lat' dir='ltr'>pacis</span> <span class='ocrx_word' id='word_1_98' title='bbox 486 1839 611 1919; x_wconf 90' lang='lat' dir='ltr'>vestro</span> <span class='ocrx_word' id='word_1_99' title='bbox 636 1841 676 1918; x_wconf 94' lang='lat' dir='ltr'>in</span> <span class='ocrx_word' id='word_1_100' title='bbox 705 1838 853 1947; x_wconf 94' lang='lat' dir='ltr'>oppido</span> <span class='ocrx_word' id='word_1_101' title='bbox 874 1838 1064 1917; x_wconf 86' lang='lat' dir='ltr'>Pinarelii</span> <span class='ocrx_word' id='word_1_102' title='bbox 1089 1837 1175 1917; x_wconf 94' lang='lat' dir='ltr'>sunt</span> <span class='ocrx_word' id='word_1_103' title='bbox 1204 1839 1310 1934; x_wconf 79' lang='lat' dir='ltr'>latae3</span> 
     </span>
     <span class='ocr_line' id='line_1_16' title="bbox 161 1948 1312 2059; baseline 0.002 -31"><span class='ocrx_word' id='word_1_104' title='bbox 161 1950 269 2029; x_wconf 87' lang='lat' dir='ltr'>durae</span> <span class='ocrx_word' id='word_1_105' title='bbox 293 1951 457 2058; x_wconf 91' lang='lat' dir='ltr'>quidem</span> <span class='ocrx_word' id='word_1_106' title='bbox 487 1950 575 2043; x_wconf 85' lang='lat' dir='ltr'>illae,</span> <span class='ocrx_word' id='word_1_107' title='bbox 606 1951 669 2029; x_wconf 89' lang='lat' dir='ltr'>sed</span> <span class='ocrx_word' id='word_1_108' title='bbox 698 1950 841 2057; x_wconf 93' lang='lat' dir='ltr'>quibus</span> <span class='ocrx_word' id='word_1_109' title='bbox 871 1948 1001 2027; x_wconf 89' lang='lat' dir='ltr'>miseri</span> <span class='ocrx_word' id='word_1_110' title='bbox 1031 1969 1148 2057; x_wconf 89' lang='lat' dir='ltr'>atque</span> <span class='ocrx_word' id='word_1_111' title='bbox 1177 1951 1312 2059; x_wconf 90' lang='lat' dir='ltr'>inopes</span> 
     </span>
     <span class='ocr_line' id='line_1_17' title="bbox 161 2059 1313 2170; baseline 0.003 -31"><span class='ocrx_word' id='word_1_112' title='bbox 161 2061 246 2141; x_wconf 90' lang='lat' dir='ltr'>dira</span> <span class='ocrx_word' id='word_1_113' title='bbox 265 2064 400 2142; x_wconf 91' lang='lat' dir='ltr'>omnia</span> <span class='ocrx_word' id='word_1_114' title='bbox 419 2081 535 2170; x_wconf 89' lang='lat' dir='ltr'>atque</span> <span class='ocrx_word' id='word_1_115' title='bbox 556 2063 744 2142; x_wconf 91' lang='lat' dir='ltr'>immania</span> <span class='ocrx_word' id='word_1_116' title='bbox 768 2061 932 2169; x_wconf 87' lang='lat' dir='ltr'>perpeffi</span> <span class='ocrx_word' id='word_1_117' title='bbox 957 2059 1070 2140; x_wconf 75' lang='lat' dir='ltr'>facile</span> <span class='ocrx_word' id='word_1_118' title='bbox 1094 2062 1313 2169; x_wconf 87' lang='lat' dir='ltr'>acquiesce-</span> 
     </span>
     <span class='ocr_line' id='line_1_18' title="bbox 163 2173 1312 2279; baseline 0.001 -27"><span class='ocrx_word' id='word_1_119' title='bbox 163 2192 265 2267; x_wconf 90' lang='lat' dir='ltr'>rent,</span> <span class='ocrx_word' id='word_1_120' title='bbox 287 2175 407 2253; x_wconf 92' lang='lat' dir='ltr'>modo</span> <span class='ocrx_word' id='word_1_121' title='bbox 428 2176 489 2267; x_wconf 92' lang='lat' dir='ltr'>iis,</span> <span class='ocrx_word' id='word_1_122' title='bbox 505 2175 610 2253; x_wconf 88' lang='lat' dir='ltr'>durae</span> <span class='ocrx_word' id='word_1_123' title='bbox 629 2194 668 2254; x_wconf 90' lang='lat' dir='ltr'>et</span> <span class='ocrx_word' id='word_1_124' title='bbox 688 2175 831 2279; x_wconf 88' lang='lat' dir='ltr'>iniquae</span> <span class='ocrx_word' id='word_1_125' title='bbox 850 2191 894 2251; x_wconf 92' lang='lat' dir='ltr'>ut</span> <span class='ocrx_word' id='word_1_126' title='bbox 914 2173 1000 2265; x_wconf 78' lang='lat' dir='ltr'>sint,</span> <span class='ocrx_word' id='word_1_127' title='bbox 1022 2173 1205 2266; x_wconf 90' lang='lat' dir='ltr'>staretur;</span> <span class='ocrx_word' id='word_1_128' title='bbox 1235 2203 1312 2253; x_wconf 92' lang='lat' dir='ltr'>non</span> 
     </span>
     <span class='ocr_line' id='line_1_19' title="bbox 163 2284 1312 2393; baseline 0 -29"><span class='ocrx_word' id='word_1_129' title='bbox 163 2284 285 2365; x_wconf 86' lang='lat' dir='ltr'>statur</span> <span class='ocrx_word' id='word_1_130' title='bbox 297 2315 308 2378; x_wconf 91' lang='lat'>;</span> <span class='ocrx_word' id='word_1_131' title='bbox 336 2284 400 2363; x_wconf 94' lang='lat' dir='ltr'>sed</span> <span class='ocrx_word' id='word_1_132' title='bbox 420 2287 528 2365; x_wconf 91' lang='lat' dir='ltr'>enim</span> <span class='ocrx_word' id='word_1_133' title='bbox 547 2315 683 2365; x_wconf 88' lang='lat' dir='ltr'>earum</span> <span class='ocrx_word' id='word_1_134' title='bbox 701 2312 860 2393; x_wconf 91' lang='lat' dir='ltr'>quoque</span> <span class='ocrx_word' id='word_1_135' title='bbox 882 2284 1121 2389; x_wconf 76' lang='lat' dir='ltr'>singularum</span> <span class='ocrx_word' id='word_1_136' title='bbox 1141 2284 1231 2362; x_wconf 92' lang='lat' dir='ltr'>salsa</span> <span class='ocrx_word' id='word_1_137' title='bbox 1250 2288 1312 2364; x_wconf 91' lang='lat' dir='ltr'>in-</span> 
     </span>
     <span class='ocr_line' id='line_1_20' title="bbox 164 2394 1313 2505; baseline 0.001 -30"><span class='ocrx_word' id='word_1_138' title='bbox 164 2399 442 2505; x_wconf 88' lang='lat' dir='ltr'>terpretatione</span> <span class='ocrx_word' id='word_1_139' title='bbox 462 2398 654 2504; x_wconf 89' lang='lat' dir='ltr'>variisque</span> <span class='ocrx_word' id='word_1_140' title='bbox 683 2396 924 2475; x_wconf 88' lang='lat' dir='ltr'>diverticulis</span> <span class='ocrx_word' id='word_1_141' title='bbox 953 2394 1047 2474; x_wconf 90' lang='lat' dir='ltr'>fides</span> <span class='ocrx_word' id='word_1_142' title='bbox 1076 2396 1247 2475; x_wconf 89' lang='lat' dir='ltr'>eluditur</span> <span class='ocrx_word' id='word_1_143' title='bbox 1269 2425 1313 2476; x_wconf 89' lang='lat' dir='ltr'>ac</span> 
     </span>
     <span class='ocr_line' id='line_1_21' title="bbox 163 2507 1315 2616; baseline 0 -30"><span class='ocrx_word' id='word_1_144' title='bbox 163 2508 357 2600; x_wconf 63' lang='lat' dir='ltr'>violatum</span> <span class='ocrx_word' id='word_1_145' title='bbox 388 2511 557 2616; x_wconf 87' lang='lat' dir='ltr'>antiquis</span> <span class='ocrx_word' id='word_1_146' title='bbox 581 2508 731 2587; x_wconf 89' lang='lat' dir='ltr'>sedibus</span> <span class='ocrx_word' id='word_1_147' title='bbox 758 2508 876 2586; x_wconf 91' lang='lat' dir='ltr'>multi</span> <span class='ocrx_word' id='word_1_148' title='bbox 896 2507 1144 2612; x_wconf 90' lang='lat' dir='ltr'>dejiciuntur,</span> <span class='ocrx_word' id='word_1_149' title='bbox 1175 2509 1315 2614; x_wconf 89' lang='lat' dir='ltr'>religio</span> 
     </span>
     <span class='ocr_line' id='line_1_22' title="bbox 164 2620 1315 2729; baseline 0.001 -31"><span class='ocrx_word' id='word_1_150' title='bbox 164 2622 291 2729; x_wconf 90' lang='lat' dir='ltr'>patria</span> <span class='ocrx_word' id='word_1_151' title='bbox 304 2620 440 2699; x_wconf 93' lang='lat' dir='ltr'>multis</span> <span class='ocrx_word' id='word_1_152' title='bbox 457 2620 716 2712; x_wconf 90' lang='lat' dir='ltr'>interdicitur,</span> <span class='ocrx_word' id='word_1_153' title='bbox 732 2620 876 2698; x_wconf 92' lang='lat' dir='ltr'>tributa</span> <span class='ocrx_word' id='word_1_154' title='bbox 891 2647 990 2696; x_wconf 92' lang='lat' dir='ltr'>nova</span> <span class='ocrx_word' id='word_1_155' title='bbox 1002 2620 1228 2725; x_wconf 84' lang='lat' dir='ltr'>exiguntur,</span> <span class='ocrx_word' id='word_1_156' title='bbox 1245 2649 1315 2699; x_wconf 85' lang='lat' dir='ltr'>arx</span> 
     </span>
     <span class='ocr_line' id='line_1_23' title="bbox 164 2731 1313 2841; baseline 0 -31"><span class='ocrx_word' id='word_1_157' title='bbox 164 2758 263 2810; x_wconf 89' lang='lat' dir='ltr'>nova</span> <span class='ocrx_word' id='word_1_158' title='bbox 278 2731 495 2811; x_wconf 90' lang='lat' dir='ltr'>cervicibus</span> <span class='ocrx_word' id='word_1_159' title='bbox 509 2733 742 2841; x_wconf 92' lang='lat' dir='ltr'>imponitur,</span> <span class='ocrx_word' id='word_1_160' title='bbox 750 2733 853 2810; x_wconf 92' lang='lat' dir='ltr'>unde</span> <span class='ocrx_word' id='word_1_161' title='bbox 868 2731 1014 2809; x_wconf 93' lang='lat' dir='ltr'>milites</span> <span class='ocrx_word' id='word_1_162' title='bbox 1029 2732 1166 2810; x_wconf 92' lang='lat' dir='ltr'>crebro</span> <span class='ocrx_word' id='word_1_163' title='bbox 1178 2760 1313 2811; x_wconf 90' lang='lat' dir='ltr'>erum-</span> 
     </span>
     <span class='ocr_line' id='line_1_24' title="bbox 195 2842 1314 2951; baseline 0.002 -30"><span class='ocrx_word' id='word_1_164' title='bbox 195 2861 304 2923; x_wconf 88' lang='lat' dir='ltr'>entes</span> <span class='ocrx_word' id='word_1_165' title='bbox 316 2844 452 2923; x_wconf 92' lang='lat' dir='ltr'>obvios</span> <span class='ocrx_word' id='word_1_166' title='bbox 466 2843 640 2951; x_wconf 94' lang='lat' dir='ltr'>quosque</span> <span class='ocrx_word' id='word_1_167' title='bbox 656 2843 717 2922; x_wconf 94' lang='lat' dir='ltr'>vel</span> <span class='ocrx_word' id='word_1_168' title='bbox 737 2843 929 2950; x_wconf 90' lang='lat' dir='ltr'>diripiunt</span> <span class='ocrx_word' id='word_1_169' title='bbox 943 2842 1006 2920; x_wconf 92' lang='lat' dir='ltr'>vel</span> <span class='ocrx_word' id='word_1_170' title='bbox 1025 2842 1243 2921; x_wconf 87' lang='lat' dir='ltr'>trucidant:</span> <span class='ocrx_word' id='word_1_171' title='bbox 1266 2845 1314 2923; x_wconf 90' lang='lat' dir='ltr'>ad</span> 
     </span>
     <span class='ocr_line' id='line_1_25' title="bbox 166 2871 1314 3063; baseline 0.001 -31"><span class='ocrx_word' id='word_1_172' title='bbox 166 2871 248 3033; x_wconf 71' lang='lat' dir='ltr'>baec</span> <span class='ocrx_word' id='word_1_173' title='bbox 260 2981 386 3063; x_wconf 88' lang='lat' dir='ltr'>nuper</span> <span class='ocrx_word' id='word_1_174' title='bbox 398 2983 505 3035; x_wconf 86' lang='lat' dir='ltr'>novae</span> <span class='ocrx_word' id='word_1_175' title='bbox 515 2957 639 3063; x_wconf 85' lang='lat' dir='ltr'>copiae</span> <span class='ocrx_word' id='word_1_176' title='bbox 650 2955 874 3034; x_wconf 91' lang='lat' dir='ltr'>clanculum</span> <span class='ocrx_word' id='word_1_177' title='bbox 886 2971 1019 3033; x_wconf 91' lang='lat' dir='ltr'>contra</span> <span class='ocrx_word' id='word_1_178' title='bbox 1034 2981 1099 3033; x_wconf 89' lang='lat' dir='ltr'>eos</span> <span class='ocrx_word' id='word_1_179' title='bbox 1115 2973 1314 3062; x_wconf 83' lang='lat' dir='ltr'>parantur3</span> 
     </span>
     <span class='ocr_line' id='line_1_26' title="bbox 167 3064 1315 3173; baseline 0.003 -30"><span class='ocrx_word' id='word_1_180' title='bbox 167 3066 317 3173; x_wconf 90' lang='lat' dir='ltr'>quique</span> <span class='ocrx_word' id='word_1_181' title='bbox 333 3067 435 3146; x_wconf 91' lang='lat' dir='ltr'>inter</span> <span class='ocrx_word' id='word_1_182' title='bbox 450 3095 516 3147; x_wconf 91' lang='lat' dir='ltr'>eos</span> <span class='ocrx_word' id='word_1_183' title='bbox 528 3069 730 3146; x_wconf 84' lang='lat' dir='ltr'>Romanam</span> <span class='ocrx_word' id='word_1_184' title='bbox 741 3066 962 3171; x_wconf 82' lang='lat' dir='ltr'>Religionem</span> <span class='ocrx_word' id='word_1_185' title='bbox 982 3064 1132 3158; x_wconf 94' lang='lat' dir='ltr'>colunt,</span> <span class='ocrx_word' id='word_1_186' title='bbox 1146 3066 1315 3171; x_wconf 87' lang='lat' dir='ltr'>migrare</span> 
     </span>
     <span class='ocr_line' id='line_1_27' title="bbox 168 3176 1317 3286; baseline 0.002 -30"><span class='ocrx_word' id='word_1_187' title='bbox 168 3178 216 3256; x_wconf 88' lang='lat' dir='ltr'>ad</span> <span class='ocrx_word' id='word_1_188' title='bbox 237 3196 393 3286; x_wconf 89' lang='lat' dir='ltr'>tempus</span> <span class='ocrx_word' id='word_1_189' title='bbox 407 3179 619 3284; x_wconf 90' lang='lat' dir='ltr'>jubentur;</span> <span class='ocrx_word' id='word_1_190' title='bbox 642 3198 686 3258; x_wconf 94' lang='lat' dir='ltr'>ut</span> <span class='ocrx_word' id='word_1_191' title='bbox 704 3178 836 3257; x_wconf 89' lang='lat' dir='ltr'>omnia</span> <span class='ocrx_word' id='word_1_192' title='bbox 852 3205 956 3256; x_wconf 91' lang='lat' dir='ltr'>nunc</span> <span class='ocrx_word' id='word_1_193' title='bbox 972 3176 1097 3256; x_wconf 92' lang='lat' dir='ltr'>rursus</span> <span class='ocrx_word' id='word_1_194' title='bbox 1113 3177 1317 3258; x_wconf 90' lang='lat' dir='ltr'>videantur</span> 
     </span>
     <span class='ocr_line' id='line_1_28' title="bbox 167 3287 1316 3398; baseline 0.001 -31"><span class='ocrx_word' id='word_1_195' title='bbox 167 3289 215 3369; x_wconf 87' lang='lat' dir='ltr'>ad</span> <span class='ocrx_word' id='word_1_196' title='bbox 248 3289 456 3369; x_wconf 92' lang='lat' dir='ltr'>illorum</span> <span class='ocrx_word' id='word_1_197' title='bbox 445 3291 754 3391; x_wconf 82' lang='lat' dir='ltr'>internecionem</span> <span class='ocrx_word' id='word_1_198' title='bbox 789 3289 1099 3367; x_wconf 89' lang='lat' dir='ltr'>miserrimorum</span> <span class='ocrx_word' id='word_1_199' title='bbox 1131 3287 1316 3398; x_wconf 60' lang='lat' dir='ltr'>spectare,</span> 
     </span>
     <span class='ocr_line' id='line_1_29' title="bbox 168 3386 1318 3511; baseline 0.002 -31"><span class='ocrx_word' id='word_1_200' title='bbox 168 3427 267 3507; x_wconf 89' lang='lat' dir='ltr'>quos</span> <span class='ocrx_word' id='word_1_201' title='bbox 287 3400 354 3479; x_wconf 90' lang='lat' dir='ltr'>illa</span> <span class='ocrx_word' id='word_1_202' title='bbox 369 3403 476 3510; x_wconf 94' lang='lat' dir='ltr'>prior</span> <span class='ocrx_word' id='word_1_203' title='bbox 495 3386 647 3482; x_wconf 85' lang='lat' dir='ltr'>laniena</span> <span class='ocrx_word' id='word_1_204' title='bbox 668 3404 838 3509; x_wconf 91' lang='lat' dir='ltr'>reliquos</span> <span class='ocrx_word' id='word_1_205' title='bbox 858 3398 966 3480; x_wconf 87' lang='lat' dir='ltr'>fecit.</span> <span class='ocrx_word' id='word_1_206' title='bbox 1011 3401 1133 3508; x_wconf 83' lang='lat' dir='ltr'>Qod</span> <span class='ocrx_word' id='word_1_207' title='bbox 1153 3429 1227 3508; x_wconf 85' lang='lat' dir='ltr'>ego</span> <span class='ocrx_word' id='word_1_208' title='bbox 1247 3431 1318 3511; x_wconf 91' lang='lat' dir='ltr'>per</span> 
     </span>
     <span class='ocr_line' id='line_1_30' title="bbox 167 3509 1317 3622; baseline 0.004 -34"><span class='ocrx_word' id='word_1_209' title='bbox 167 3511 348 3591; x_wconf 86' lang='lat' dir='ltr'>dextram</span> <span class='ocrx_word' id='word_1_210' title='bbox 368 3531 493 3606; x_wconf 86' lang='lat' dir='ltr'>tuam,</span> <span class='ocrx_word' id='word_1_211' title='bbox 515 3517 598 3593; x_wconf 89' lang='lat' dir='ltr'>Rex</span> <span class='ocrx_word' id='word_1_212' title='bbox 613 3512 921 3622; x_wconf 82' lang='lat' dir='ltr'>Christianiffime,</span> <span class='ocrx_word' id='word_1_213' title='bbox 941 3541 1027 3621; x_wconf 90' lang='lat' dir='ltr'>quae</span> <span class='ocrx_word' id='word_1_214' title='bbox 1041 3509 1167 3592; x_wconf 86' lang='lat' dir='ltr'>soedus</span> <span class='ocrx_word' id='word_1_215' title='bbox 1188 3515 1317 3594; x_wconf 93' lang='lat' dir='ltr'>nobis-</span> 
     </span>
     <span class='ocr_line' id='line_1_31' title="bbox 168 3623 1315 3733; baseline 0.003 -32"><span class='ocrx_word' id='word_1_216' title='bbox 168 3649 262 3701; x_wconf 94' lang='lat' dir='ltr'>cum</span> <span class='ocrx_word' id='word_1_217' title='bbox 282 3643 322 3702; x_wconf 92' lang='lat' dir='ltr'>et</span> <span class='ocrx_word' id='word_1_218' title='bbox 341 3626 558 3705; x_wconf 91' lang='lat' dir='ltr'>amicitiam</span> <span class='ocrx_word' id='word_1_219' title='bbox 584 3625 779 3733; x_wconf 86' lang='lat' dir='ltr'>percuffit,</span> <span class='ocrx_word' id='word_1_220' title='bbox 807 3623 964 3703; x_wconf 92' lang='lat' dir='ltr'>obsecro</span> <span class='ocrx_word' id='word_1_221' title='bbox 988 3644 1105 3729; x_wconf 90' lang='lat' dir='ltr'>atque</span> <span class='ocrx_word' id='word_1_222' title='bbox 1130 3625 1315 3720; x_wconf 92' lang='lat' dir='ltr'>obtestor,</span> 
     </span>
     <span class='ocr_line' id='line_1_32' title="bbox 169 3734 1318 3843; baseline 0.001 -30"><span class='ocrx_word' id='word_1_223' title='bbox 169 3761 239 3842; x_wconf 92' lang='lat' dir='ltr'>per</span> <span class='ocrx_word' id='word_1_224' title='bbox 255 3735 353 3814; x_wconf 94' lang='lat' dir='ltr'>illud</span> <span class='ocrx_word' id='word_1_225' title='bbox 370 3737 639 3843; x_wconf 61' lang='lat' dir='ltr'>Christianffmz</span> <span class='ocrx_word' id='word_1_226' title='bbox 646 3736 776 3815; x_wconf 94' lang='lat' dir='ltr'>Tituli</span> <span class='ocrx_word' id='word_1_227' title='bbox 791 3736 908 3814; x_wconf 90' lang='lat' dir='ltr'>decus</span> <span class='ocrx_word' id='word_1_228' title='bbox 924 3734 1216 3828; x_wconf 72' lang='lat' dir='ltr'>sanctiffimum,</span> <span class='ocrx_word' id='word_1_229' title='bbox 1234 3736 1318 3816; x_wconf 94' lang='lat' dir='ltr'>fieri</span> 
     </span>
     <span class='ocr_line' id='line_1_33' title="bbox 171 3847 1318 3928; baseline 0.003 -4"><span class='ocrx_word' id='word_1_230' title='bbox 171 3873 218 3925; x_wconf 92' lang='lat' dir='ltr'>ne</span> <span class='ocrx_word' id='word_1_231' title='bbox 241 3847 394 3928; x_wconf 88' lang='lat' dir='ltr'>siveris:</span> <span class='ocrx_word' id='word_1_232' title='bbox 426 3878 498 3928; x_wconf 91' lang='lat' dir='ltr'>nec</span> <span class='ocrx_word' id='word_1_233' title='bbox 526 3867 673 3928; x_wconf 87' lang='lat' dir='ltr'>tantam</span> <span class='ocrx_word' id='word_1_234' title='bbox 698 3848 876 3927; x_wconf 87' lang='lat' dir='ltr'>saeviendi</span> <span class='ocrx_word' id='word_1_235' title='bbox 902 3847 1103 3926; x_wconf 91' lang='lat' dir='ltr'>licentiam</span> <span class='ocrx_word' id='word_1_236' title='bbox 1127 3874 1205 3925; x_wconf 92' lang='lat' dir='ltr'>non</span> <span class='ocrx_word' id='word_1_237' title='bbox 1228 3848 1318 3928; x_wconf 95' lang='lat' dir='ltr'>dico</span> 
     </span>
     <span class='ocr_line' id='line_1_34' title="bbox 170 3959 1317 4070; baseline 0.004 -34"><span class='ocrx_word' id='word_1_238' title='bbox 170 3959 342 4067; x_wconf 87' lang='lat' dir='ltr'>principi</span> <span class='ocrx_word' id='word_1_239' title='bbox 361 3961 549 4067; x_wconf 91' lang='lat' dir='ltr'>cuiquam</span> <span class='ocrx_word' id='word_1_240' title='bbox 573 3961 724 4068; x_wconf 86' lang='lat' dir='ltr'>(neque</span> <span class='ocrx_word' id='word_1_241' title='bbox 737 3960 846 4039; x_wconf 90' lang='lat' dir='ltr'>enim</span> <span class='ocrx_word' id='word_1_242' title='bbox 866 3959 906 4037; x_wconf 93' lang='lat' dir='ltr'>in</span> <span class='ocrx_word' id='word_1_243' title='bbox 926 3959 1053 4038; x_wconf 92' lang='lat' dir='ltr'>ullum</span> <span class='ocrx_word' id='word_1_244' title='bbox 1076 3959 1317 4070; x_wconf 91' lang='lat' dir='ltr'>Principem,</span> 
     </span>
     <span class='ocr_line' id='line_1_35' title="bbox 169 4070 1318 4181; baseline 0.004 -33"><span class='ocrx_word' id='word_1_245' title='bbox 169 4070 298 4149; x_wconf 91' lang='lat' dir='ltr'>multo</span> <span class='ocrx_word' id='word_1_246' title='bbox 318 4072 449 4152; x_wconf 90' lang='lat' dir='ltr'>minus</span> <span class='ocrx_word' id='word_1_247' title='bbox 469 4073 511 4150; x_wconf 95' lang='lat' dir='ltr'>in</span> <span class='ocrx_word' id='word_1_248' title='bbox 530 4092 682 4152; x_wconf 88' lang='lat' dir='ltr'>aetatem</span> <span class='ocrx_word' id='word_1_249' title='bbox 704 4073 809 4151; x_wconf 88' lang='lat' dir='ltr'>illius</span> <span class='ocrx_word' id='word_1_250' title='bbox 829 4072 1017 4181; x_wconf 91' lang='lat' dir='ltr'>principis</span> <span class='ocrx_word' id='word_1_251' title='bbox 1038 4088 1225 4167; x_wconf 90' lang='lat' dir='ltr'>teneram,</span> <span class='ocrx_word' id='word_1_252' title='bbox 1251 4093 1318 4153; x_wconf 92' lang='lat' dir='ltr'>aut</span> 
     </span>
     <span class='ocr_line' id='line_1_36' title="bbox 170 4181 1316 4264; baseline 0.003 -5"><span class='ocrx_word' id='word_1_253' title='bbox 170 4182 209 4259; x_wconf 93' lang='lat' dir='ltr'>in</span> <span class='ocrx_word' id='word_1_254' title='bbox 236 4183 475 4262; x_wconf 91' lang='lat' dir='ltr'>muliebrem</span> <span class='ocrx_word' id='word_1_255' title='bbox 506 4186 641 4264; x_wconf 92' lang='lat' dir='ltr'>matris</span> <span class='ocrx_word' id='word_1_256' title='bbox 668 4185 849 4263; x_wconf 90' lang='lat' dir='ltr'>animum</span> <span class='ocrx_word' id='word_1_257' title='bbox 882 4200 986 4261; x_wconf 90' lang='lat' dir='ltr'>tanta</span> <span class='ocrx_word' id='word_1_258' title='bbox 1015 4181 1153 4262; x_wconf 89' lang='lat' dir='ltr'>saevitia</span> <span class='ocrx_word' id='word_1_259' title='bbox 1181 4184 1316 4263; x_wconf 91' lang='lat' dir='ltr'>cadere</span> 
     </span>
     <span class='ocr_line' id='line_1_37' title="bbox 170 4293 1316 4403; baseline 0.001 -31"><span class='ocrx_word' id='word_1_260' title='bbox 170 4293 313 4401; x_wconf 89' lang='lat' dir='ltr'>potest)</span> <span class='ocrx_word' id='word_1_261' title='bbox 335 4294 398 4374; x_wconf 91' lang='lat' dir='ltr'>sed</span> <span class='ocrx_word' id='word_1_262' title='bbox 419 4294 633 4375; x_wconf 88' lang='lat' dir='ltr'>sacerrimis</span> <span class='ocrx_word' id='word_1_263' title='bbox 651 4296 728 4374; x_wconf 91' lang='lat' dir='ltr'>illis</span> <span class='ocrx_word' id='word_1_264' title='bbox 750 4294 889 4375; x_wconf 87' lang='lat' dir='ltr'>ficariis</span> <span class='ocrx_word' id='word_1_265' title='bbox 910 4322 957 4372; x_wconf 92' lang='lat' dir='ltr'>ne</span> <span class='ocrx_word' id='word_1_266' title='bbox 977 4293 1218 4401; x_wconf 90' lang='lat' dir='ltr'>permiseris;</span> <span class='ocrx_word' id='word_1_267' title='bbox 1247 4297 1316 4403; x_wconf 91' lang='lat' dir='ltr'>qui</span> 
     </span>
     <span class='ocr_line' id='line_1_38' title="bbox 170 4403 1318 4514; baseline 0.003 -31"><span class='ocrx_word' id='word_1_268' title='bbox 170 4431 264 4485; x_wconf 90' lang='lat' dir='ltr'>cum</span> <span class='ocrx_word' id='word_1_269' title='bbox 280 4403 429 4486; x_wconf 92' lang='lat' dir='ltr'>Christi</span> <span class='ocrx_word' id='word_1_270' title='bbox 449 4409 661 4488; x_wconf 88' lang='lat' dir='ltr'>Servatoris</span> <span class='ocrx_word' id='word_1_271' title='bbox 681 4407 800 4485; x_wconf 89' lang='lat' dir='ltr'>nostri</span> <span class='ocrx_word' id='word_1_272' title='bbox 821 4407 945 4484; x_wconf 89' lang='lat' dir='ltr'>servos</span> <span class='ocrx_word' id='word_1_273' title='bbox 965 4425 1084 4514; x_wconf 86' lang='lat' dir='ltr'>atque</span> <span class='ocrx_word' id='word_1_274' title='bbox 1104 4407 1318 4487; x_wconf 89' lang='lat' dir='ltr'>imitatores</span> 
     </span>
     <span class='ocr_line' id='line_1_39' title="bbox 170 4515 1318 4631; baseline 0.002 -36"><span class='ocrx_word' id='word_1_275' title='bbox 170 4515 244 4598; x_wconf 91' lang='lat' dir='ltr'>sese</span> <span class='ocrx_word' id='word_1_276' title='bbox 260 4518 530 4628; x_wconf 89' lang='lat' dir='ltr'>profiteantur,</span> <span class='ocrx_word' id='word_1_277' title='bbox 544 4521 614 4631; x_wconf 94' lang='lat' dir='ltr'>qui</span> <span class='ocrx_word' id='word_1_278' title='bbox 630 4520 739 4599; x_wconf 90' lang='lat' dir='ltr'>venit</span> <span class='ocrx_word' id='word_1_279' title='bbox 759 4520 798 4596; x_wconf 96' lang='lat' dir='ltr'>in</span> <span class='ocrx_word' id='word_1_280' title='bbox 821 4516 924 4596; x_wconf 92' lang='lat' dir='ltr'>hunc</span> <span class='ocrx_word' id='word_1_281' title='bbox 946 4519 1141 4598; x_wconf 93' lang='lat' dir='ltr'>mundum</span> <span class='ocrx_word' id='word_1_282' title='bbox 1163 4537 1205 4596; x_wconf 90' lang='lat' dir='ltr'>ut</span> <span class='ocrx_word' id='word_1_283' title='bbox 1225 4546 1318 4626; x_wconf 91' lang='lat' dir='ltr'>pec-</span> 
     </span>
    </p>
   </div>
   <div class='ocr_carea' id='block_1_3' title="bbox 0 0 1497 4980">
    <p class='ocr_par' dir='ltr' id='par_1_3' title="bbox 0 0 1497 4980">
     <span class='ocr_line' id='line_1_40' title="bbox 0 0 1497 4980; baseline 0 0"><span class='ocrx_word' id='word_1_284' title='bbox 0 0 1497 4980; x_wconf 95' lang='lat' dir='ltr'> </span> 
     </span>
    </p>
   </div>
  </div>
 </body>
</html>
