2956 4980
155 207 157 210 Α
284 232 518 362 Scriptum
545 234 691 325 Dom.
719 231 1009 327 Protectoris.
1146 249 1218 355 361

134 401 288 482 Similia
302 404 455 511 experti
468 402 557 482 sunt
572 421 697 482 nautae
711 402 913 509 cujusdam
931 404 1228 485 navisBarnsta-

73 512 258 622 pulensrs,
275 516 384 594 annis
404 514 547 594 abhinc
559 515 715 594 circiter
726 515 894 608 duobus,
910 544 996 623 quae
1012 519 1119 597 navis
1134 547 1228 598 cum

75 622 199 735 prope
216 625 484 734 Hispaniolam,
501 627 599 706 dum
618 655 640 705 a
657 627 821 707 coloniis
841 626 1076 735 quibusdam
1089 630 1227 711 nostris

75 739 117 815 in
147 735 280 816 insulis
310 738 473 821 Coribiis
502 757 725 832 reverteret,
758 742 875 818 rimas
904 766 1019 847 agere
1053 741 1227 851 coepilset

76 848 304 956 undamque
319 853 512 961 accipere,
534 870 660 931 nautae
676 851 758 957 ejus
777 854 820 931 in
840 850 979 959 scapha
999 850 1069 930 s1bi
1087 853 1226 933 consu-

78 961 158 1039 lere
186 962 312 1040 coasti
340 963 388 1042 ad
419 964 530 1043 littus
560 962 777 1056 evaserunt,
812 962 881 1041 ubi
912 989 1048 1042 omnes
1081 967 1228 1074 captivi

78 1071 187 1165 fasti,
209 1074 501 1182 mancipiorum
522 1076 616 1168 ritu,
642 1076 682 1154 in
703 1076 961 1154 munimentis
981 1102 1118 1184 operas
1137 1077 1228 1158 dare

76 1184 329 1292 cogebantur.

136 1297 230 1391 His,
251 1297 410 1405 aliisque
433 1299 640 1406 permultis
665 1295 890 1404 hujusmodi
909 1298 1119 1406 exemplis,
1141 1327 1228 1407 quae

79 1410 215 1488 omnia
236 1410 395 1489 recitare
416 1412 534 1490 nimis
557 1410 722 1517 longum
743 1410 849 1503 esset,
871 1408 1227 1489 manifestiffimum

78 1519 134 1599 est
150 1521 345 1631 Hstaniae
361 1549 497 1629 regem
510 1523 625 1630 eique
646 1521 835 1626 subjectos
855 1520 1047 1616 arbitrari,
1068 1520 1106 1600 se
1120 1522 1229 1601 nulla

78 1635 185 1742 pacis
210 1633 434 1738 conditione
459 1633 571 1714 nobis
596 1633 804 1743 praestanda
831 1633 909 1711 illis
936 1635 977 1711 in
1004 1633 1229 1739 regionibus

79 1744 273 1852 obligari:
304 1774 399 1825 curn
423 1765 462 1825 et
481 1774 600 1826 omne
620 1772 743 1853 genus
760 1743 982 1825 hostilitatis
1002 1746 1042 1823 in
1067 1773 1136 1824 nos
1156 1773 1228 1825 ex·

79 1884 226 1949 ercere,
239 1856 365 1936 immo
378 1859 556 1965 graviora
570 1854 795 1950 hostilitate,
808 1855 1093 1950 consueverint,
1105 1884 1229 1964 eaque

81 1967 363 2062 inhumanitas,
388 1997 465 2076 qua
490 1969 572 2047 illic
592 1969 737 2075 Anglos
758 1971 917 2047 trastare
943 1967 1080 2062 solent,
1108 1967 1229 2076 usque

82 2079 131 2158 eb
149 2108 171 2158 a
192 2082 297 2190 pacis
318 2081 471 2187 legibus
494 2081 620 2160 aliena
645 2081 704 2174 fit,
731 2099 774 2159 ut
798 2108 846 2158 ne
869 2079 964 2158 belli
989 2080 1153 2189 quidem
1173 2082 1231 2160 le·

82 2191 198 2298 gibus
229 2219 307 2271 non
338 2191 570 2272 internecini
599 2193 807 2272 convenire
836 2192 1025 2271 videatur.
1085 2193 1132 2271 ln
1161 2192 1233 2272 illo

83 2322 213 2382 tamen
246 2302 442 2411 Hffpaniae
480 2305 582 2411 regis
620 2303 824 2408 embarg0,
854 2330 935 2410 quo
965 2321 1230 2384 mercatorum

82 2416 305 2495 nostrornm
319 2443 434 2495 naves
448 2443 493 2494 ac
505 2415 606 2495 bona
622 2414 808 2524 proscribi
821 2441 866 2493 ac
878 2414 1036 2493 retineri
1050 2416 1232 2524 imperat,

83 2527 124 2605 in
149 2527 295 2634 Anglos
317 2527 434 2636 culpa
461 2528 590 2607 omnis
615 2524 838 2618 confertur;
879 2525 985 2634 quasr
1001 2525 1234 2634 foedifragos

83 2639 275 2719 nimirum
299 2656 336 2718 et
350 2639 605 2744 sacrrssrnclae
624 2639 732 2748 pacis
756 2656 867 2747 atque
898 2638 1101 2718 commercii
1127 2638 1237 2718 liberi

82 2749 296 2843 violatores,
327 2768 404 2830 torn
434 2750 610 2858 religiose,
642 2768 686 2830 ut
712 2749 792 2858 ipse
825 2749 894 2843 ait,
925 2748 973 2828 ab
989 2750 1209 2855 festinati
1218 2782 1232 2843 ,·

86 2860 193 2972 alque
210 2879 288 2942 tam
307 2863 498 2972 inopinato
516 2880 629 2972 atque
639 2859 801 2972 profesto
811 2858 1007 2969 hostilitate
1009 2858 1142 2971 fecisse
1156 2891 1233 2955 nos,

85 2992 128 3053 ut
148 2973 274 3054 orbern
289 2975 419 3053 Sansti
435 2975 642 3055 Dominici
658 2974 697 3054 in
712 2972 945 3082 Hispaniola
960 2970 1080 3079 insula
1093 2989 1234 3082 oppug-

84 3114 178 3165 nare
189 3085 434 3165 adoriremor.
466 3085 586 3196 Qod
603 3081 729 3165 solhm
742 3083 861 3165 causa
874 3082 1050 3178 affertur,
1066 3111 1235 3191 quamo-

83 3196 196 3277 brem
236 3197 447 3304 Anglorum
485 3198 587 3277 bona
625 3199 665 3276 in
706 3194 892 3305 Hispania
930 3193 1233 3303 proscribantur,

85 3309 423 3417 negotiatoresque
444 3310 706 3389 retineantur:
738 3334 963 3416 quanquam
984 3326 1024 3386 et
1042 3303 1119 3388 hoc
1138 3335 1235 3417 prae-

85 3422 213 3500 dicata
239 3421 321 3525 ejus
344 3419 589 3501 humanitate
616 3438 900 3527 exaggeratum
929 3417 998 3512 est,
1027 3421 1074 3498 Se
1096 3419 1236 3527 nostras

85 3531 209 3641 cloffi's
228 3531 267 3610 in
281 3529 549 3640 *porturstcos,
565 3530 788 3642 quoscunque
807 3528 954 3636 ingredi
963 3548 1033 3610 out
1051 3532 1237 3638 attingere

85 3641 300 3724 commodum
327 3643 426 3723 nobis
434 3643 585 3754 fuiffet,
613 3643 728 3722 amic>
752 3642 920 3752 recepiffe
932 3673 946 3734 ,·
976 3671 1089 3751 neque
1111 3643 1235 3749 minff-

129 3880 151 3922 ⁸
175 3878 315 3941 atvero
337 3877 506 3940 navarchus
529 3874 633 3938 noster
655 3873 821 3939 Saoonleiur
844 3873 875 3936 in
899 3872 1004 3935 Sicilia
1027 3895 1091 3937 non
1121 3876 1162 3939 ita
1191 3878 1236 3940 est

87 3962 185 4028 amici
206 3963 237 4027 in
260 3977 350 4045 portu
372 3963 514 4048 Drepani
536 3976 690 4044 acceptus,
714 3960 763 4024 ubi
786 3981 867 4022 anno
887 3957 980 4045 1653,
1002 3958 1082 4023 circa
1104 3962 1237 4028 mensem

87 4048 216 4136 Juninnr
239 4049 324 4112 navis
346 4049 426 4134 ejus,
447 4048 497 4111 cui
520 4069 635 4111 nomen
658 4045 809 4109 Henricus
833 4044 1058 4125 Bonaoentnra,
1081 4047 1141 4112 uni
1163 4071 1235 4114 curn

91 4135 271 4199 Hollondica
292 4134 361 4197 navi
383 4140 433 4196 ina
454 4155 493 4196 na
513 4149 545 4197 et
559 4132 791 4215 opulentissima‚
811 4130 861 4193 cui
885 4152 1001 4193 nomen
1017 4131 1120 4213 Petro,
1144 4157 1237 4218 quam

89 4238 222 4304 ceperat,
237 4219 406 4303 proditione
454 4216 576 4306 ispanici
590 4217 737 4300 praesciti,
749 4216 800 4299 qui
815 4217 841 4278 ei
855 4215 925 4279 loco
961 4234 1079 4298 raeerat,
1093 4241 1110 4282 a
1125 4220 1236 4302 septem

88 4307 216 4370 navibus
229 4305 416 4369 Hollondicis
428 4304 556 4390 junioris
576 4303 712 4404 Trampii
725 4300 832 4380 dublo,
853 4301 883 4363 in
900 4238 961 4384 ipsi
976 4319 1077 4385 portu,
1092 4326 1154 4368 non
1170 4306 1237 4371 lon.

88 4392 154 4478 girls
169 4415 187 4456 a
201 4391 400 4455 munimentis
415 4413 506 4474 quam
522 4389 612 4472 sclopi
630 4389 753 4452 minoris
777 4386 856 4450 illus
877 4387 946 4451 ferri
970 4390 1080 4470 potuit,
1103 4390 1239 4473 oppressa

88 4477 154 4554 est;
177 4477 259 4541 unde
274 4492 471 4554 mercatores,
489 4498 620 4559 quorum
640 4475 688 4538 illa
703 4473 788 4537 navis
805 4473 873 4552 suit,
892 4473 960 4555 plus
980 4475 1129 4560 sexaginta
1145 4479 1240 4542 tribus

88 4564 220 4628 millibus
235 4562 378 4626 librarum
394 4561 563 4624 amiserunt.
