2956 4980
157 239 237 339 246
379 221 542 316 Literae
569 215 762 314 Oliverii
787 216 1084 313 Protestoris.

161 399 298 506 ltaque
315 394 337 475 i
351 397 474 476 vestra
492 397 689 506 imprimis
702 394 944 475 Celfitudine
961 391 1107 500 Regali
1122 391 1343 496 majorem

160 512 202 590 in
222 510 389 591 modum
408 509 524 590 enixe
545 511 718 618 petimus
736 527 777 588 et
795 506 1048 599 obtestamur,
1070 522 1116 584 ut
1134 504 1185 585 ad
1205 505 1326 586 insli-

163 642 247 701 tuta
261 622 599 703 Sereniffimorum
612 621 814 728 Majorum
830 618 1003 710 suorum,
1016 614 1313 723 concessamque

109 743 113 751 '
163 733 211 812 ab
243 735 290 812 iis
319 734 429 813 omni
460 753 638 842 tempore
674 751 714 812 et
742 730 1014 812 confirmatam
1047 726 1210 806 subditis
1240 729 1302 805 suis

168 846 209 923 V
202 843 394 950 alletfibus
409 845 631 924 libertatern
647 846 743 924 velit
753 845 935 924 animum
954 838 1115 920 referre.
1177 839 1223 916 ln
1237 838 1296 946 qui

163 956 413 1037 concedendi
442 976 559 1065 atque
590 955 872 1047 confirmandi,
903 949 1241 1062 quemadmodum
1262 948 1291 1028 id

166 1067 437 1176 praesliterunt‚
468 1068 576 1177 quod
600 1070 691 1147 Deo
716 1066 847 1177 perse
871 1064 1135 1174 gratiffimum
1156 1060 1291 1171 procul·
1354 1060 1360 1247 Ι

166 1180 287 1260 dubio
307 1178 378 1273 est,
398 1179 469 1288 qui
487 1179 731 1260 conscientiae
747 1179 813 1285 jus
836 1176 1061 1257 inviolabile
1081 1201 1128 1253 ac
1147 1170 1291 1283 potesta·

168 1310 250 1372 tem
274 1319 391 1402 penes
415 1292 453 1370 se
477 1320 601 1371 unum
627 1292 702 1372 else
721 1291 862 1385 voluit,
887 1291 942 1369 ita
963 1288 1135 1368 dubium
1158 1281 1292 1365 nonest

167 1405 264 1512 quin
293 1404 550 1484 Subditorum
574 1406 695 1484 etiam
726 1401 886 1482 suorum
913 1400 1096 1480 meritam
1125 1397 1293 1478 rationem

167 1514 390 1610 habuerint,
410 1544 510 1623 quos
525 1534 565 1595 et
584 1518 625 1595 in
646 1515 752 1595 bello
765 1514 937 1594 strenuos
955 1539 1001 1592 ac
1021 1510 1254 1591 fidelissimos
1266 1524 1294 1583 et
1356 1530 1360 1577 t

168 1628 209 1705 in
229 1657 325 1738 pace
344 1629 449 1708 disto
470 1626 621 1736 semper
639 1628 840 1707 audientes
860 1625 1015 1734 experti
1034 1621 1206 1704 fuissent.
1236 1619 1294 1700 Ut·
1358 1645 1360 1736 ξ

169 1767 245 1847 que
273 1741 465 1819 Serenitas
484 1741 622 1821 Vestra
646 1739 807 1845 Regalis
831 1739 874 1817 in
901 1737 1048 1817 caeteris
1069 1733 1250 1815 omnibus
1267 1747 1295 1806 et

169 1850 339 1958 benigne
364 1871 403 1930 et
426 1850 595 1958 gloriose
622 1851 734 1932 factis
756 1851 939 1931 Avorum
965 1847 1125 1928 suorum
1149 1840 1297 1950 vestigiis

171 1961 322 2070 optime
343 1963 491 2055 infistit,
520 1965 573 2043 ita
599 1965 640 2044 in
665 1962 743 2043 hoc
766 1962 866 2043 nolit
887 1961 937 2040 ab
961 1959 1100 2040 iisdem
1126 1956 1299 2037 discedere

170 2074 290 2153 etiam
316 2092 431 2183 atque
451 2076 571 2155 etiam
589 2075 860 2170 obsecramus3
891 2071 1014 2152 sedet
1033 2069 1111 2150 hoc
1130 2069 1301 2156 edietum,

169 2203 209 2264 et
234 2186 261 2264 fi
286 2189 393 2294 quod
420 2187 527 2266 aliud
555 2188 817 2295 inquietandis
844 2185 1074 2294 Reformatoe
1099 2178 1305 2291 Religionis

170 2298 284 2377 causis
301 2299 462 2379 subditis
481 2299 554 2379 suis
571 2319 755 2408 rogatum
770 2300 830 2393 lit,
845 2300 904 2377 uti
924 2299 1112 2403 abroget;
1134 2293 1238 2403 ipsos
1251 2318 1306 2403 pa·
1356 2316 1360 2345 ³

173 2410 255 2487 triis
276 2408 428 2490 sedibus
455 2430 570 2519 atque
594 2411 707 2491 bonis
734 2411 932 2504 restituat3
964 2405 1139 2488 concessa
1160 2405 1253 2512 jura
1273 2428 1310 2482 ac

170 2520 391 2601 libertatem
413 2522 615 2630 pristinam
635 2544 760 2602 ratam
779 2523 827 2603 iis
842 2519 983 2616 faciat3
1005 2537 1166 2628 accepta
1180 2520 1314 2598 damna

171 2630 315 2725 sarciri,
336 2653 375 2712 et
395 2661 533 2712 eorum
552 2634 823 2715 vexationibus
847 2633 969 2713 finem
991 2632 1148 2741 imponi
1168 2629 1314 2736 jubeat.

173 2744 294 2852 Qod
316 2744 342 2823 fi
364 2743 499 2824 fecerit
516 2747 677 2852 Regalis
695 2746 895 2827 Celfitudo
911 2735 1049 2838 ve'stra‚
1066 2761 1105 2822 et
1126 2771 1213 2822 rem
1234 2743 1318 2820 Deo

173 2856 479 2967 acceptissrmam
509 2854 660 2953 fecerit,
695 2857 854 2937 miseros
886 2858 973 2937 illos
1004 2876 1045 2936 et
1079 2851 1322 2935 calamitosos

173 2971 342 3051 erexerit
362 2989 401 3047 et
421 2971 615 3063 recrearit,
635 2990 675 3049 et
695 2966 717 3047 ὲ
735 2970 809 3049 suis
828 2968 1013 3049 omnibus
1032 2969 1187 3062 vicinis,
1209 2983 1323 3074 quot·

171 3099 269 3185 quot
283 3080 537 3188 Reybrmatam
553 3081 806 3188 Religionem
826 3082 977 3174 colunt,
994 3081 1216 3160 maximam
1236 3103 1326 3185 gra·

173 3192 270 3271 tiam
299 3194 453 3285 inierit;
486 3192 672 3300 nobisque
701 3189 961 3302 potiffimbm,
991 3192 1062 3300 qui
1083 3190 1257 3270 vestram
1286 3191 1327 3267 in

170 3302 259 3380 illos
291 3303 575 3410 benignitatem
608 3324 726 3411 atque
760 3306 1016 3385 clementiam
1053 3300 1328 3383 obtestationis

171 3411 306 3491 nostrae
334 3412 508 3513 frustum
537 3414 826 3496 arbitrabimur.
889 3417 1011 3525 Qod
1040 3433 1080 3494 et
1112 3413 1161 3493 ad
1184 3439 1328 3493 omnes

172 3521 393 3603 officiorum
415 3528 626 3607 reddendas
648 3529 753 3609 vices
778 3556 847 3608 nos
865 3529 1122 3635 obligaverit;
1154 3552 1230 3605 nec
1252 3525 1331 3604 sta-

172 3632 351 3715 biliendae
382 3633 507 3716 solbm
537 3667 674 3718 verum
708 3642 828 3720 etiam
862 3640 1049 3746 augendae
1079 3640 1182 3717 inter
1222 3635 1329 3716 hanc

174 3745 321 3853 Remp.
339 3747 585 3855 vestramque
604 3752 795 3831 ditionem
817 3751 1104 3831 neceffitudinis
1122 3768 1164 3828 et
1182 3749 1330 3828 amici-

173 3857 235 3935 tiae
256 3855 510 3937 fundamenta
530 3860 745 3942 firmissrma
758 3862 912 3968 jecerit.
973 3863 1120 3969 Neque
1136 3860 1232 3940 verb
1251 3860 1332 3940 hoc

174 3966 305 4047 minus
329 3969 377 4048 ab
393 3970 543 4075 justitia
561 3974 684 4053 vestra
708 3994 748 4054 et
772 3974 1039 4054 moderatione
1062 3973 1186 4053 animi
1214 3973 1332 4052 nobis

173 4076 432 4186 pollicemur:
465 4110 584 4189 quam
604 4086 644 4162 in
665 4106 817 4194 partem
831 4087 968 4165 Deum
986 4087 1086 4194 Opt.
1104 4085 1222 4163 Max.
1237 4110 1341 4163 ora-·

175 4217 264 4269 mus
285 4192 342 4270 uti
363 4212 539 4271 mentem
559 4196 723 4275 vestram
739 4217 778 4276 et
797 4197 1055 4303 cogitationes
1075 4195 1233 4275 flectatz
1256 4223 1332 4274 vo-

174 4299 308 4407 bisque
328 4303 424 4382 adeo
443 4304 645 4413 vestroque
667 4307 815 4416 populo
836 4336 975 4414 pacem
994 4334 1039 4387 ac
1059 4308 1270 4387 veritatem
1290 4327 1334 4387 et

174 4412 360 4493 successus
381 4442 511 4494 rerum
533 4419 714 4498 omnium
735 4418 867 4498 felices
884 4447 932 4498 ex
951 4421 1085 4499 animo
1102 4446 1329 4531 precamur.

258 4536 363 4615 Albas
382 4538 503 4616 Aulai.
527 4542 621 4646 May
648 4543 695 4622 16
701 4568 722 4647 5
729 4568 766 4648 ς.
