<?xml version="1.0" encoding="UTF-8"?>
<!DOCTYPE html PUBLIC "-//W3C//DTD XHTML 1.0 Transitional//EN"
    "http://www.w3.org/TR/xhtml1/DTD/xhtml1-transitional.dtd">
<html xmlns="http://www.w3.org/1999/xhtml" xml:lang="en" lang="en">
 <head>
  <title>
</title>
<meta http-equiv="Content-Type" content="text/html;charset=utf-8" />
  <meta name='ocr-system' content='tesseract 3.04.00' />
  <meta name='ocr-capabilities' content='ocr_page ocr_carea ocr_par ocr_line ocrx_word'/>
</head>
<body>
  <div class='ocr_page' id='page_1' title='image "./worksjohnmilton06miltgoog_0446.png"; bbox 0 0 2956 4980; ppageno 0'>
   <div class='ocr_carea' id='block_1_1' title="bbox 457 233 1302 361">
    <p class='ocr_par' dir='ltr' id='par_1_1' title="bbox 457 233 1302 361">
     <span class='ocr_line' id='line_1_1' title="bbox 457 233 1302 361; baseline 0.006 -32"><span class='ocrx_word' id='word_1_1' title='bbox 457 233 749 333; x_wconf 86' lang='lat' dir='ltr'>Prolufiones</span> <span class='ocrx_word' id='word_1_2' title='bbox 775 238 1012 333; x_wconf 85' lang='lat' dir='ltr'>Oratoriae.</span> <span class='ocrx_word' id='word_1_3' title='bbox 1225 283 1302 361; x_wconf 83' lang='lat'>431</span> 
     </span>
    </p>
   </div>
   <div class='ocr_carea' id='block_1_2' title="bbox 157 408 1325 4536">
    <p class='ocr_par' dir='ltr' id='par_1_2' title="bbox 157 408 1318 3421">
     <span class='ocr_line' id='line_1_2' title="bbox 157 408 1309 493; baseline 0.005 -7"><span class='ocrx_word' id='word_1_4' title='bbox 157 409 322 487; x_wconf 89' lang='lat' dir='ltr'>ruerint.</span> <span class='ocrx_word' id='word_1_5' title='bbox 383 410 494 489; x_wconf 85' lang='lat' dir='ltr'>Nam</span> <span class='ocrx_word' id='word_1_6' title='bbox 510 430 614 491; x_wconf 89' lang='lat' dir='ltr'>certe</span> <span class='ocrx_word' id='word_1_7' title='bbox 636 409 746 489; x_wconf 79' lang='lat' dir='ltr'>stilla</span> <span class='ocrx_word' id='word_1_8' title='bbox 760 408 888 488; x_wconf 89' lang='lat' dir='ltr'>adhuc</span> <span class='ocrx_word' id='word_1_9' title='bbox 909 411 949 488; x_wconf 92' lang='lat' dir='ltr'>in</span> <span class='ocrx_word' id='word_1_10' title='bbox 971 411 1080 489; x_wconf 88' lang='lat' dir='ltr'>terris</span> <span class='ocrx_word' id='word_1_11' title='bbox 1100 410 1309 493; x_wconf 88' lang='lat' dir='ltr'>diversare-</span> 
     </span>
     <span class='ocr_line' id='line_1_3' title="bbox 158 520 1310 627; baseline 0.007 -30"><span class='ocrx_word' id='word_1_12' title='bbox 158 538 237 613; x_wconf 87' lang='lat' dir='ltr'>tur,</span> <span class='ocrx_word' id='word_1_13' title='bbox 254 521 343 627; x_wconf 89' lang='lat' dir='ltr'>quis</span> <span class='ocrx_word' id='word_1_14' title='bbox 365 521 571 601; x_wconf 88' lang='lat' dir='ltr'>inducatur</span> <span class='ocrx_word' id='word_1_15' title='bbox 591 542 635 603; x_wconf 89' lang='lat' dir='ltr'>ut</span> <span class='ocrx_word' id='word_1_16' title='bbox 653 521 799 614; x_wconf 89' lang='lat' dir='ltr'>credat,</span> <span class='ocrx_word' id='word_1_17' title='bbox 813 520 965 600; x_wconf 91' lang='lat' dir='ltr'>luscum</span> <span class='ocrx_word' id='word_1_18' title='bbox 984 541 1025 601; x_wconf 90' lang='lat' dir='ltr'>et</span> <span class='ocrx_word' id='word_1_19' title='bbox 1039 525 1310 605; x_wconf 76' lang='lat' dir='ltr'>caecutientem</span> 
     </span>
     <span class='ocr_line' id='line_1_4' title="bbox 160 632 1309 761; baseline 0.004 -52"><span class='ocrx_word' id='word_1_20' title='bbox 160 658 335 711; x_wconf 89' lang='lat' dir='ltr'>errorem</span> <span class='ocrx_word' id='word_1_21' title='bbox 355 632 561 713; x_wconf 90' lang='lat' dir='ltr'>veritatem</span> <span class='ocrx_word' id='word_1_22' title='bbox 583 634 681 713; x_wconf 87' lang='lat' dir='ltr'>Solis</span> <span class='ocrx_word' id='word_1_23' title='bbox 706 635 888 713; x_wconf 86' lang='lat' dir='ltr'>aemulam</span> <span class='ocrx_word' id='word_1_24' title='bbox 914 632 1048 761; x_wconf 79' lang='lat' dir='ltr'>polle</span> <span class='ocrx_word' id='word_1_25' title='bbox 1037 637 1195 729; x_wconf 78' lang='lat' dir='ltr'>intueri,</span> <span class='ocrx_word' id='word_1_26' title='bbox 1212 639 1309 743; x_wconf 91' lang='lat' dir='ltr'>quin</span> 
     </span>
     <span class='ocr_line' id='line_1_5' title="bbox 159 738 1307 854; baseline 0.005 -33"><span class='ocrx_word' id='word_1_27' title='bbox 159 742 276 851; x_wconf 92' lang='lat' dir='ltr'>plane</span> <span class='ocrx_word' id='word_1_28' title='bbox 297 746 475 826; x_wconf 85' lang='lat' dir='ltr'>vincatur</span> <span class='ocrx_word' id='word_1_29' title='bbox 499 738 707 825; x_wconf 90' lang='lat' dir='ltr'>oculorum</span> <span class='ocrx_word' id='word_1_30' title='bbox 738 747 853 838; x_wconf 89' lang='lat' dir='ltr'>acies,</span> <span class='ocrx_word' id='word_1_31' title='bbox 881 745 976 851; x_wconf 93' lang='lat' dir='ltr'>quin</span> <span class='ocrx_word' id='word_1_32' title='bbox 1008 765 1047 824; x_wconf 88' lang='lat' dir='ltr'>et</span> <span class='ocrx_word' id='word_1_33' title='bbox 1076 747 1155 854; x_wconf 88' lang='lat' dir='ltr'>ipse</span> <span class='ocrx_word' id='word_1_34' title='bbox 1181 748 1307 827; x_wconf 89' lang='lat' dir='ltr'>rursus</span> 
     </span>
     <span class='ocr_line' id='line_1_6' title="bbox 160 854 1309 984; baseline 0.006 -53"><span class='ocrx_word' id='word_1_35' title='bbox 160 854 342 984; x_wconf 81' lang='lat' dir='ltr'>abigatur</span> <span class='ocrx_word' id='word_1_36' title='bbox 361 857 408 936; x_wconf 90' lang='lat' dir='ltr'>ad</span> <span class='ocrx_word' id='word_1_37' title='bbox 430 855 589 951; x_wconf 89' lang='lat' dir='ltr'>inferos,</span> <span class='ocrx_word' id='word_1_38' title='bbox 614 858 717 936; x_wconf 90' lang='lat' dir='ltr'>unde</span> <span class='ocrx_word' id='word_1_39' title='bbox 736 858 913 965; x_wconf 89' lang='lat' dir='ltr'>primum</span> <span class='ocrx_word' id='word_1_40' title='bbox 934 856 1102 937; x_wconf 88' lang='lat' dir='ltr'>emersus</span> <span class='ocrx_word' id='word_1_41' title='bbox 1121 856 1203 936; x_wconf 88' lang='lat' dir='ltr'>est?</span> <span class='ocrx_word' id='word_1_42' title='bbox 1252 861 1309 938; x_wconf 89' lang='lat' dir='ltr'>At</span> 
     </span>
     <span class='ocr_line' id='line_1_7' title="bbox 160 967 1309 1095; baseline 0.006 -52"><span class='ocrx_word' id='word_1_43' title='bbox 160 993 255 1046; x_wconf 92' lang='lat' dir='ltr'>vero</span> <span class='ocrx_word' id='word_1_44' title='bbox 274 968 371 1048; x_wconf 87' lang='lat' dir='ltr'>citra</span> <span class='ocrx_word' id='word_1_45' title='bbox 391 968 558 1048; x_wconf 90' lang='lat' dir='ltr'>dubium</span> <span class='ocrx_word' id='word_1_46' title='bbox 577 967 732 1076; x_wconf 85' lang='lat' dir='ltr'>aufugit</span> <span class='ocrx_word' id='word_1_47' title='bbox 745 968 891 1047; x_wconf 89' lang='lat' dir='ltr'>coelum</span> <span class='ocrx_word' id='word_1_48' title='bbox 894 969 1087 1095; x_wconf 81' lang='lat' dir='ltr'>,patriam</span> <span class='ocrx_word' id='word_1_49' title='bbox 1103 967 1209 1048; x_wconf 91' lang='lat' dir='ltr'>suam</span> <span class='ocrx_word' id='word_1_50' title='bbox 1231 973 1309 1050; x_wconf 90' lang='lat' dir='ltr'>mi-</span> 
     </span>
     <span class='ocr_line' id='line_1_8' title="bbox 159 1075 1309 1188; baseline 0.007 -34"><span class='ocrx_word' id='word_1_51' title='bbox 159 1075 262 1157; x_wconf 88' lang='lat' dir='ltr'>sellis</span> <span class='ocrx_word' id='word_1_52' title='bbox 282 1076 509 1160; x_wconf 89' lang='lat' dir='ltr'>hominibus</span> <span class='ocrx_word' id='word_1_53' title='bbox 531 1108 733 1188; x_wconf 90' lang='lat' dir='ltr'>nunquam</span> <span class='ocrx_word' id='word_1_54' title='bbox 753 1080 946 1174; x_wconf 88' lang='lat' dir='ltr'>reditura;</span> <span class='ocrx_word' id='word_1_55' title='bbox 977 1098 1017 1159; x_wconf 93' lang='lat' dir='ltr'>et</span> <span class='ocrx_word' id='word_1_56' title='bbox 1038 1081 1123 1186; x_wconf 90' lang='lat' dir='ltr'>jam</span> <span class='ocrx_word' id='word_1_57' title='bbox 1153 1083 1243 1162; x_wconf 91' lang='lat' dir='ltr'>totis</span> <span class='ocrx_word' id='word_1_58' title='bbox 1267 1086 1309 1162; x_wconf 90' lang='lat' dir='ltr'>in</span> 
     </span>
     <span class='ocr_line' id='line_1_9' title="bbox 161 1188 1311 1300; baseline 0.006 -32"><span class='ocrx_word' id='word_1_59' title='bbox 161 1188 315 1270; x_wconf 88' lang='lat' dir='ltr'>Scholis</span> <span class='ocrx_word' id='word_1_60' title='bbox 334 1191 560 1272; x_wconf 87' lang='lat' dir='ltr'>dominatur</span> <span class='ocrx_word' id='word_1_61' title='bbox 586 1193 815 1271; x_wconf 91' lang='lat' dir='ltr'>immundus</span> <span class='ocrx_word' id='word_1_62' title='bbox 842 1220 961 1285; x_wconf 87' lang='lat' dir='ltr'>error,</span> <span class='ocrx_word' id='word_1_63' title='bbox 987 1209 1027 1271; x_wconf 88' lang='lat' dir='ltr'>et</span> <span class='ocrx_word' id='word_1_64' title='bbox 1049 1192 1154 1300; x_wconf 81' lang='lat' dir='ltr'>quast</span> <span class='ocrx_word' id='word_1_65' title='bbox 1178 1222 1311 1275; x_wconf 90' lang='lat' dir='ltr'>rerum</span> 
     </span>
     <span class='ocr_line' id='line_1_10' title="bbox 159 1301 1311 1413; baseline 0.005 -33"><span class='ocrx_word' id='word_1_66' title='bbox 159 1301 310 1408; x_wconf 90' lang='lat' dir='ltr'>potitus</span> <span class='ocrx_word' id='word_1_67' title='bbox 330 1303 398 1397; x_wconf 89' lang='lat' dir='ltr'>est,</span> <span class='ocrx_word' id='word_1_68' title='bbox 419 1331 498 1383; x_wconf 94' lang='lat' dir='ltr'>non</span> <span class='ocrx_word' id='word_1_69' title='bbox 518 1304 733 1384; x_wconf 89' lang='lat' dir='ltr'>instrenuos</span> <span class='ocrx_word' id='word_1_70' title='bbox 748 1305 885 1410; x_wconf 90' lang='lat' dir='ltr'>utique</span> <span class='ocrx_word' id='word_1_71' title='bbox 903 1323 942 1382; x_wconf 91' lang='lat' dir='ltr'>et</span> <span class='ocrx_word' id='word_1_72' title='bbox 961 1331 1038 1383; x_wconf 89' lang='lat' dir='ltr'>non</span> <span class='ocrx_word' id='word_1_73' title='bbox 1055 1331 1198 1413; x_wconf 92' lang='lat' dir='ltr'>paucos</span> <span class='ocrx_word' id='word_1_74' title='bbox 1220 1334 1311 1386; x_wconf 90' lang='lat' dir='ltr'>nac-</span> 
     </span>
     <span class='ocr_line' id='line_1_11' title="bbox 161 1413 1311 1527; baseline 0.005 -36"><span class='ocrx_word' id='word_1_75' title='bbox 161 1432 224 1492; x_wconf 89' lang='lat' dir='ltr'>tus</span> <span class='ocrx_word' id='word_1_76' title='bbox 262 1413 471 1495; x_wconf 78' lang='lat' dir='ltr'>assertores.</span> <span class='ocrx_word' id='word_1_77' title='bbox 549 1422 732 1527; x_wconf 85' lang='lat' dir='ltr'>Qarum</span> <span class='ocrx_word' id='word_1_78' title='bbox 771 1416 980 1495; x_wconf 87' lang='lat' dir='ltr'>acceffione</span> <span class='ocrx_word' id='word_1_79' title='bbox 1011 1416 1170 1509; x_wconf 91' lang='lat' dir='ltr'>virium,</span> <span class='ocrx_word' id='word_1_80' title='bbox 1210 1419 1311 1497; x_wconf 90' lang='lat' dir='ltr'>ultra</span> 
     </span>
     <span class='ocr_line' id='line_1_12' title="bbox 161 1524 1311 1637; baseline 0.004 -34"><span class='ocrx_word' id='word_1_81' title='bbox 161 1552 285 1632; x_wconf 91' lang='lat' dir='ltr'>quam</span> <span class='ocrx_word' id='word_1_82' title='bbox 298 1524 390 1606; x_wconf 88' lang='lat' dir='ltr'>ferri</span> <span class='ocrx_word' id='word_1_83' title='bbox 404 1526 530 1635; x_wconf 88' lang='lat' dir='ltr'>potest</span> <span class='ocrx_word' id='word_1_84' title='bbox 542 1529 893 1637; x_wconf 89' lang='lat' dir='ltr'>inflatus,quaenam</span> <span class='ocrx_word' id='word_1_85' title='bbox 905 1526 960 1605; x_wconf 89' lang='lat' dir='ltr'>est</span> <span class='ocrx_word' id='word_1_86' title='bbox 970 1524 1311 1636; x_wconf 83' lang='lat' dir='ltr'>ullaPhysrologiae</span> 
     </span>
     <span class='ocr_line' id='line_1_13' title="bbox 161 1637 1310 1749; baseline 0.003 -34"><span class='ocrx_word' id='word_1_87' title='bbox 161 1637 356 1745; x_wconf 88' lang='lat' dir='ltr'>particula</span> <span class='ocrx_word' id='word_1_88' title='bbox 386 1640 447 1718; x_wconf 88' lang='lat' dir='ltr'>vel</span> <span class='ocrx_word' id='word_1_89' title='bbox 477 1641 687 1733; x_wconf 90' lang='lat' dir='ltr'>minutula,</span> <span class='ocrx_word' id='word_1_90' title='bbox 718 1643 760 1719; x_wconf 90' lang='lat' dir='ltr'>in</span> <span class='ocrx_word' id='word_1_91' title='bbox 790 1667 911 1747; x_wconf 91' lang='lat' dir='ltr'>quam</span> <span class='ocrx_word' id='word_1_92' title='bbox 942 1665 1020 1716; x_wconf 88' lang='lat' dir='ltr'>uon</span> <span class='ocrx_word' id='word_1_93' title='bbox 1054 1640 1310 1749; x_wconf 88' lang='lat' dir='ltr'>impetiverit,</span> 
     </span>
     <span class='ocr_line' id='line_1_14' title="bbox 161 1749 1311 1859; baseline 0.003 -32"><span class='ocrx_word' id='word_1_94' title='bbox 161 1775 285 1855; x_wconf 89' lang='lat' dir='ltr'>quarn</span> <span class='ocrx_word' id='word_1_95' title='bbox 304 1777 383 1829; x_wconf 93' lang='lat' dir='ltr'>non</span> <span class='ocrx_word' id='word_1_96' title='bbox 402 1751 576 1858; x_wconf 89' lang='lat' dir='ltr'>profanis</span> <span class='ocrx_word' id='word_1_97' title='bbox 595 1752 797 1830; x_wconf 87' lang='lat' dir='ltr'>violaverit</span> <span class='ocrx_word' id='word_1_98' title='bbox 817 1749 1028 1859; x_wconf 86' lang='lat' dir='ltr'>unguibus,</span> <span class='ocrx_word' id='word_1_99' title='bbox 1050 1752 1311 1859; x_wconf 91' lang='lat' dir='ltr'>quemadmo-</span> 
     </span>
     <span class='ocr_line' id='line_1_15' title="bbox 162 1861 1311 1972; baseline 0.003 -34"><span class='ocrx_word' id='word_1_100' title='bbox 162 1861 262 1939; x_wconf 90' lang='lat' dir='ltr'>dum</span> <span class='ocrx_word' id='word_1_101' title='bbox 276 1862 446 1971; x_wconf 89' lang='lat' dir='ltr'>Harpias</span> <span class='ocrx_word' id='word_1_102' title='bbox 462 1863 600 1944; x_wconf 77' lang='lat' dir='ltr'>Phinei</span> <span class='ocrx_word' id='word_1_103' title='bbox 610 1864 731 1970; x_wconf 90' lang='lat' dir='ltr'>Regis</span> <span class='ocrx_word' id='word_1_104' title='bbox 744 1863 938 1942; x_wconf 86' lang='lat' dir='ltr'>Arcadum</span> <span class='ocrx_word' id='word_1_105' title='bbox 960 1862 1106 1942; x_wconf 91' lang='lat' dir='ltr'>mensas</span> <span class='ocrx_word' id='word_1_106' title='bbox 1124 1863 1311 1972; x_wconf 91' lang='lat' dir='ltr'>conspur-</span> 
     </span>
     <span class='ocr_line' id='line_1_16' title="bbox 163 1972 1315 2082; baseline 0.005 -32"><span class='ocrx_word' id='word_1_107' title='bbox 163 1972 262 2051; x_wconf 83' lang='lat' dir='ltr'>caffe</span> <span class='ocrx_word' id='word_1_108' title='bbox 283 1975 538 2082; x_wconf 87' lang='lat' dir='ltr'>accepimus?</span> <span class='ocrx_word' id='word_1_109' title='bbox 571 1976 673 2054; x_wconf 91' lang='lat' dir='ltr'>unde</span> <span class='ocrx_word' id='word_1_110' title='bbox 697 1974 784 2053; x_wconf 88' lang='lat' dir='ltr'>sane</span> <span class='ocrx_word' id='word_1_111' title='bbox 812 1973 860 2053; x_wconf 76' lang='lat' dir='ltr'>ed</span> <span class='ocrx_word' id='word_1_112' title='bbox 891 2001 950 2053; x_wconf 90' lang='lat' dir='ltr'>res</span> <span class='ocrx_word' id='word_1_113' title='bbox 975 1972 1141 2053; x_wconf 59' lang='lat' dir='ltr'>deducta</span> <span class='ocrx_word' id='word_1_114' title='bbox 1172 1975 1241 2068; x_wconf 88' lang='lat' dir='ltr'>est,</span> <span class='ocrx_word' id='word_1_115' title='bbox 1270 1995 1315 2056; x_wconf 91' lang='lat' dir='ltr'>ut</span> 
     </span>
     <span class='ocr_line' id='line_1_17' title="bbox 165 2083 1314 2215; baseline 0.004 -53"><span class='ocrx_word' id='word_1_116' title='bbox 165 2083 374 2164; x_wconf 83' lang='lat' dir='ltr'>lautiffrma</span> <span class='ocrx_word' id='word_1_117' title='bbox 395 2083 656 2196; x_wconf 80' lang='lat' dir='ltr'>Philosophiae</span> <span class='ocrx_word' id='word_1_118' title='bbox 680 2087 861 2215; x_wconf 82' lang='lat' dir='ltr'>cupedia,</span> <span class='ocrx_word' id='word_1_119' title='bbox 893 2085 981 2193; x_wconf 89' lang='lat' dir='ltr'>ipfis</span> <span class='ocrx_word' id='word_1_120' title='bbox 1011 2087 1154 2192; x_wconf 88' lang='lat' dir='ltr'>quibus</span> <span class='ocrx_word' id='word_1_121' title='bbox 1175 2088 1314 2196; x_wconf 89' lang='lat' dir='ltr'>Superi</span> 
     </span>
     <span class='ocr_line' id='line_1_18' title="bbox 165 2195 1313 2323; baseline 0.004 -50"><span class='ocrx_word' id='word_1_122' title='bbox 165 2195 372 2276; x_wconf 92' lang='lat' dir='ltr'>vescuntur</span> <span class='ocrx_word' id='word_1_123' title='bbox 385 2199 566 2306; x_wconf 89' lang='lat' dir='ltr'>Dapibus</span> <span class='ocrx_word' id='word_1_124' title='bbox 580 2226 657 2277; x_wconf 91' lang='lat' dir='ltr'>non</span> <span class='ocrx_word' id='word_1_125' title='bbox 675 2200 803 2277; x_wconf 90' lang='lat' dir='ltr'>minus</span> <span class='ocrx_word' id='word_1_126' title='bbox 817 2199 992 2323; x_wconf 89' lang='lat' dir='ltr'>opipara,</span> <span class='ocrx_word' id='word_1_127' title='bbox 1007 2224 1110 2275; x_wconf 92' lang='lat' dir='ltr'>nunc</span> <span class='ocrx_word' id='word_1_128' title='bbox 1127 2197 1201 2277; x_wconf 90' lang='lat' dir='ltr'>suis</span> <span class='ocrx_word' id='word_1_129' title='bbox 1217 2226 1313 2277; x_wconf 90' lang='lat' dir='ltr'>con·</span> 
     </span>
     <span class='ocr_line' id='line_1_19' title="bbox 165 2306 1312 2415; baseline 0.003 -30"><span class='ocrx_word' id='word_1_130' title='bbox 165 2307 282 2387; x_wconf 87' lang='lat' dir='ltr'>viviis</span> <span class='ocrx_word' id='word_1_131' title='bbox 300 2309 481 2388; x_wconf 91' lang='lat' dir='ltr'>nauseam</span> <span class='ocrx_word' id='word_1_132' title='bbox 502 2308 659 2390; x_wconf 88' lang='lat' dir='ltr'>faciant.</span> <span class='ocrx_word' id='word_1_133' title='bbox 707 2311 915 2415; x_wconf 90' lang='lat' dir='ltr'>Contingit</span> <span class='ocrx_word' id='word_1_134' title='bbox 931 2335 1039 2385; x_wconf 80' lang='lat' dir='ltr'>enam</span> <span class='ocrx_word' id='word_1_135' title='bbox 1050 2306 1312 2415; x_wconf 76' lang='lat' dir='ltr'>saepenumero</span> 
     </span>
     <span class='ocr_line' id='line_1_20' title="bbox 165 2418 1312 2529; baseline 0.003 -33"><span class='ocrx_word' id='word_1_136' title='bbox 165 2420 341 2525; x_wconf 90' lang='lat' dir='ltr'>ingentia</span> <span class='ocrx_word' id='word_1_137' title='bbox 366 2419 697 2529; x_wconf 88' lang='lat' dir='ltr'>Philosophorum</span> <span class='ocrx_word' id='word_1_138' title='bbox 723 2421 921 2499; x_wconf 89' lang='lat' dir='ltr'>velumina</span> <span class='ocrx_word' id='word_1_139' title='bbox 947 2418 1156 2516; x_wconf 89' lang='lat' dir='ltr'>evolventi,</span> <span class='ocrx_word' id='word_1_140' title='bbox 1182 2437 1221 2498; x_wconf 92' lang='lat' dir='ltr'>et</span> <span class='ocrx_word' id='word_1_141' title='bbox 1251 2421 1312 2499; x_wconf 92' lang='lat' dir='ltr'>di-</span> 
     </span>
     <span class='ocr_line' id='line_1_21' title="bbox 166 2531 1314 2641; baseline 0.001 -31"><span class='ocrx_word' id='word_1_142' title='bbox 166 2533 274 2612; x_wconf 89' lang='lat' dir='ltr'>urnis</span> <span class='ocrx_word' id='word_1_143' title='bbox 300 2532 576 2641; x_wconf 71' lang='lat' dir='ltr'>nocturnisque</span> <span class='ocrx_word' id='word_1_144' title='bbox 600 2532 779 2612; x_wconf 90' lang='lat' dir='ltr'>manibus</span> <span class='ocrx_word' id='word_1_145' title='bbox 798 2531 1004 2622; x_wconf 93' lang='lat' dir='ltr'>obterenti,</span> <span class='ocrx_word' id='word_1_146' title='bbox 1031 2549 1074 2610; x_wconf 93' lang='lat' dir='ltr'>ut</span> <span class='ocrx_word' id='word_1_147' title='bbox 1093 2532 1314 2611; x_wconf 90' lang='lat' dir='ltr'>dimittatur</span> 
     </span>
     <span class='ocr_line' id='line_1_22' title="bbox 166 2641 1314 2752; baseline 0.002 -31"><span class='ocrx_word' id='word_1_148' title='bbox 166 2643 355 2723; x_wconf 88' lang='lat' dir='ltr'>incertior</span> <span class='ocrx_word' id='word_1_149' title='bbox 366 2672 487 2751; x_wconf 91' lang='lat' dir='ltr'>quam</span> <span class='ocrx_word' id='word_1_150' title='bbox 507 2643 626 2724; x_wconf 89' lang='lat' dir='ltr'>fuerit</span> <span class='ocrx_word' id='word_1_151' title='bbox 641 2645 809 2752; x_wconf 91' lang='lat' dir='ltr'>pridem.</span> <span class='ocrx_word' id='word_1_152' title='bbox 870 2641 1073 2750; x_wconf 82' lang='lat' dir='ltr'>Qicquid</span> <span class='ocrx_word' id='word_1_153' title='bbox 1086 2644 1194 2722; x_wconf 90' lang='lat' dir='ltr'>enim</span> <span class='ocrx_word' id='word_1_154' title='bbox 1210 2645 1314 2723; x_wconf 85' lang='lat' dir='ltr'>affir-</span> 
     </span>
     <span class='ocr_line' id='line_1_23' title="bbox 166 2752 1315 2863; baseline 0.003 -31"><span class='ocrx_word' id='word_1_155' title='bbox 166 2774 252 2835; x_wconf 89' lang='lat' dir='ltr'>mat</span> <span class='ocrx_word' id='word_1_156' title='bbox 275 2752 355 2848; x_wconf 82' lang='lat' dir='ltr'>hic„</span> <span class='ocrx_word' id='word_1_157' title='bbox 387 2774 427 2834; x_wconf 91' lang='lat' dir='ltr'>et</span> <span class='ocrx_word' id='word_1_158' title='bbox 449 2755 537 2836; x_wconf 86' lang='lat' dir='ltr'>satis</span> <span class='ocrx_word' id='word_1_159' title='bbox 561 2756 690 2837; x_wconf 91' lang='lat' dir='ltr'>valido</span> <span class='ocrx_word' id='word_1_160' title='bbox 716 2756 753 2834; x_wconf 91' lang='lat' dir='ltr'>se</span> <span class='ocrx_word' id='word_1_161' title='bbox 780 2773 893 2863; x_wconf 91' lang='lat' dir='ltr'>putat</span> <span class='ocrx_word' id='word_1_162' title='bbox 916 2755 1166 2834; x_wconf 88' lang='lat' dir='ltr'>statuminare</span> <span class='ocrx_word' id='word_1_163' title='bbox 1197 2783 1315 2862; x_wconf 87' lang='lat' dir='ltr'>argu-</span> 
     </span>
     <span class='ocr_line' id='line_1_24' title="bbox 167 2863 1316 2973; baseline 0.001 -28"><span class='ocrx_word' id='word_1_164' title='bbox 167 2884 319 2959; x_wconf 89' lang='lat' dir='ltr'>mento,</span> <span class='ocrx_word' id='word_1_165' title='bbox 332 2865 476 2946; x_wconf 85' lang='lat' dir='ltr'>refellit</span> <span class='ocrx_word' id='word_1_166' title='bbox 491 2867 589 2948; x_wconf 91' lang='lat' dir='ltr'>alter</span> <span class='ocrx_word' id='word_1_167' title='bbox 600 2866 709 2946; x_wconf 93' lang='lat' dir='ltr'>nullo</span> <span class='ocrx_word' id='word_1_168' title='bbox 730 2868 889 2973; x_wconf 88' lang='lat' dir='ltr'>negotio</span> <span class='ocrx_word' id='word_1_169' title='bbox 910 2885 975 2944; x_wconf 90' lang='lat' dir='ltr'>aut</span> <span class='ocrx_word' id='word_1_170' title='bbox 991 2864 1126 2944; x_wconf 89' lang='lat' dir='ltr'>saltem</span> <span class='ocrx_word' id='word_1_171' title='bbox 1139 2863 1316 2946; x_wconf 87' lang='lat' dir='ltr'>refellere</span> 
     </span>
     <span class='ocr_line' id='line_1_25' title="bbox 167 2975 1317 3089; baseline 0.002 -34"><span class='ocrx_word' id='word_1_172' title='bbox 167 2979 337 3071; x_wconf 87' lang='lat' dir='ltr'>videtur,</span> <span class='ocrx_word' id='word_1_173' title='bbox 350 2996 466 3087; x_wconf 90' lang='lat' dir='ltr'>atque</span> <span class='ocrx_word' id='word_1_174' title='bbox 488 2980 540 3059; x_wconf 90' lang='lat' dir='ltr'>ita</span> <span class='ocrx_word' id='word_1_175' title='bbox 554 3007 654 3089; x_wconf 89' lang='lat' dir='ltr'>pene</span> <span class='ocrx_word' id='word_1_176' title='bbox 670 2980 711 3058; x_wconf 94' lang='lat' dir='ltr'>in</span> <span class='ocrx_word' id='word_1_177' title='bbox 728 2978 928 3057; x_wconf 89' lang='lat' dir='ltr'>infinitum</span> <span class='ocrx_word' id='word_1_178' title='bbox 944 2977 1096 3085; x_wconf 90' lang='lat' dir='ltr'>semper</span> <span class='ocrx_word' id='word_1_179' title='bbox 1114 2975 1231 3056; x_wconf 88' lang='lat' dir='ltr'>habet</span> <span class='ocrx_word' id='word_1_180' title='bbox 1250 2976 1317 3057; x_wconf 91' lang='lat' dir='ltr'>hic</span> 
     </span>
     <span class='ocr_line' id='line_1_26' title="bbox 169 3088 1316 3218; baseline 0 -49"><span class='ocrx_word' id='word_1_181' title='bbox 169 3090 278 3198; x_wconf 89' lang='lat' dir='ltr'>quod</span> <span class='ocrx_word' id='word_1_182' title='bbox 307 3109 496 3218; x_wconf 81' lang='lat' dir='ltr'>opponat,</span> <span class='ocrx_word' id='word_1_183' title='bbox 526 3090 677 3200; x_wconf 90' lang='lat' dir='ltr'>semper</span> <span class='ocrx_word' id='word_1_184' title='bbox 704 3089 771 3169; x_wconf 93' lang='lat' dir='ltr'>ille</span> <span class='ocrx_word' id='word_1_185' title='bbox 800 3089 906 3197; x_wconf 93' lang='lat' dir='ltr'>quod</span> <span class='ocrx_word' id='word_1_186' title='bbox 937 3088 1186 3197; x_wconf 84' lang='lat' dir='ltr'>respondeat3</span> <span class='ocrx_word' id='word_1_187' title='bbox 1217 3089 1316 3170; x_wconf 91' lang='lat' dir='ltr'>dum</span> 
     </span>
     <span class='ocr_line' id='line_1_27' title="bbox 169 3200 1318 3308; baseline 0 -27"><span class='ocrx_word' id='word_1_188' title='bbox 169 3201 317 3281; x_wconf 90' lang='lat' dir='ltr'>miser</span> <span class='ocrx_word' id='word_1_189' title='bbox 307 3202 464 3281; x_wconf 90' lang='lat' dir='ltr'>ruterim</span> <span class='ocrx_word' id='word_1_190' title='bbox 486 3204 628 3282; x_wconf 60' lang='lat' dir='ltr'>Lector</span> <span class='ocrx_word' id='word_1_191' title='bbox 647 3200 740 3280; x_wconf 93' lang='lat' dir='ltr'>hinc</span> <span class='ocrx_word' id='word_1_192' title='bbox 763 3220 879 3307; x_wconf 91' lang='lat' dir='ltr'>atque</span> <span class='ocrx_word' id='word_1_193' title='bbox 900 3201 990 3279; x_wconf 89' lang='lat' dir='ltr'>inde</span> <span class='ocrx_word' id='word_1_194' title='bbox 1011 3219 1197 3308; x_wconf 89' lang='lat' dir='ltr'>tanquam</span> <span class='ocrx_word' id='word_1_195' title='bbox 1216 3203 1318 3281; x_wconf 88' lang='lat' dir='ltr'>inter</span> 
     </span>
     <span class='ocr_line' id='line_1_28' title="bbox 168 3311 1316 3421; baseline 0.001 -30"><span class='ocrx_word' id='word_1_196' title='bbox 168 3312 266 3393; x_wconf 91' lang='lat' dir='ltr'>duas</span> <span class='ocrx_word' id='word_1_197' title='bbox 295 3313 443 3393; x_wconf 90' lang='lat' dir='ltr'>belluas</span> <span class='ocrx_word' id='word_1_198' title='bbox 471 3313 547 3393; x_wconf 85' lang='lat' dir='ltr'>diu.</span> <span class='ocrx_word' id='word_1_199' title='bbox 576 3313 746 3393; x_wconf 89' lang='lat' dir='ltr'>divulsus</span> <span class='ocrx_word' id='word_1_200' title='bbox 786 3341 831 3392; x_wconf 87' lang='lat' dir='ltr'>ac</span> <span class='ocrx_word' id='word_1_201' title='bbox 864 3312 1091 3421; x_wconf 89' lang='lat' dir='ltr'>discerptus,</span> <span class='ocrx_word' id='word_1_202' title='bbox 1125 3311 1316 3421; x_wconf 81' lang='lat' dir='ltr'>taedidque</span> 
     </span>
    </p>

    <p class='ocr_par' dir='ltr' id='par_1_3' title="bbox 169 3424 1325 4536">
     <span class='ocr_line' id='line_1_29' title="bbox 200 3424 1317 3535; baseline 0.002 -32"><span class='ocrx_word' id='word_1_203' title='bbox 200 3452 294 3535; x_wconf 91' lang='lat' dir='ltr'>rope</span> <span class='ocrx_word' id='word_1_204' title='bbox 323 3428 495 3518; x_wconf 70' lang='lat' dir='ltr'>enesius,</span> <span class='ocrx_word' id='word_1_205' title='bbox 527 3426 686 3505; x_wconf 89' lang='lat' dir='ltr'>tandem</span> <span class='ocrx_word' id='word_1_206' title='bbox 718 3424 840 3503; x_wconf 92' lang='lat' dir='ltr'>veluti</span> <span class='ocrx_word' id='word_1_207' title='bbox 865 3425 904 3502; x_wconf 94' lang='lat' dir='ltr'>in</span> <span class='ocrx_word' id='word_1_208' title='bbox 930 3425 1037 3503; x_wconf 92' lang='lat' dir='ltr'>bivio</span> <span class='ocrx_word' id='word_1_209' title='bbox 1068 3424 1317 3531; x_wconf 90' lang='lat' dir='ltr'>relinquitur,</span> 
     </span>
     <span class='ocr_line' id='line_1_30' title="bbox 169 3452 1320 3645; baseline 0.003 -31"><span class='ocrx_word' id='word_1_210' title='bbox 169 3452 252 3615; x_wconf 68' lang='lat' dir='ltr'>luc</span> <span class='ocrx_word' id='word_1_211' title='bbox 278 3564 326 3615; x_wconf 89' lang='lat' dir='ltr'>an</span> <span class='ocrx_word' id='word_1_212' title='bbox 351 3537 446 3616; x_wconf 93' lang='lat' dir='ltr'>illuc</span> <span class='ocrx_word' id='word_1_213' title='bbox 471 3538 634 3616; x_wconf 90' lang='lat' dir='ltr'>inclinet</span> <span class='ocrx_word' id='word_1_214' title='bbox 658 3536 773 3645; x_wconf 88' lang='lat' dir='ltr'>plane</span> <span class='ocrx_word' id='word_1_215' title='bbox 798 3562 939 3644; x_wconf 88' lang='lat' dir='ltr'>anceps</span> <span class='ocrx_word' id='word_1_216' title='bbox 970 3536 1119 3615; x_wconf 89' lang='lat' dir='ltr'>animi:</span> <span class='ocrx_word' id='word_1_217' title='bbox 1151 3537 1199 3615; x_wconf 94' lang='lat' dir='ltr'>ab</span> <span class='ocrx_word' id='word_1_218' title='bbox 1232 3557 1320 3618; x_wconf 89' lang='lat' dir='ltr'>utro</span> 
     </span>
     <span class='ocr_line' id='line_1_31' title="bbox 172 3646 1320 3754; baseline 0.003 -29"><span class='ocrx_word' id='word_1_219' title='bbox 172 3666 307 3727; x_wconf 90' lang='lat' dir='ltr'>autem</span> <span class='ocrx_word' id='word_1_220' title='bbox 328 3646 400 3727; x_wconf 90' lang='lat' dir='ltr'>stet</span> <span class='ocrx_word' id='word_1_221' title='bbox 420 3650 573 3739; x_wconf 85' lang='lat' dir='ltr'>veritas,</span> <span class='ocrx_word' id='word_1_222' title='bbox 595 3647 746 3728; x_wconf 75' lang='lat' dir='ltr'>fortasse</span> <span class='ocrx_word' id='word_1_223' title='bbox 768 3647 834 3754; x_wconf 91' lang='lat' dir='ltr'>(ne</span> <span class='ocrx_word' id='word_1_224' title='bbox 854 3676 944 3727; x_wconf 88' lang='lat' dir='ltr'>vera</span> <span class='ocrx_word' id='word_1_225' title='bbox 963 3648 1220 3753; x_wconf 84' lang='lat' dir='ltr'>diffimulem)</span> <span class='ocrx_word' id='word_1_226' title='bbox 1242 3677 1320 3729; x_wconf 95' lang='lat' dir='ltr'>non</span> 
     </span>
     <span class='ocr_line' id='line_1_32' title="bbox 172 3759 1320 3869; baseline 0 -30"><span class='ocrx_word' id='word_1_227' title='bbox 172 3760 229 3840; x_wconf 88' lang='lat' dir='ltr'>est</span> <span class='ocrx_word' id='word_1_228' title='bbox 249 3788 375 3869; x_wconf 87' lang='lat' dir='ltr'>operae</span> <span class='ocrx_word' id='word_1_229' title='bbox 394 3761 568 3869; x_wconf 91' lang='lat' dir='ltr'>pretium</span> <span class='ocrx_word' id='word_1_230' title='bbox 587 3760 647 3853; x_wconf 91' lang='lat' dir='ltr'>ea,</span> <span class='ocrx_word' id='word_1_231' title='bbox 676 3761 755 3868; x_wconf 92' lang='lat' dir='ltr'>qua</span> <span class='ocrx_word' id='word_1_232' title='bbox 777 3761 951 3867; x_wconf 84' lang='lat' dir='ltr'>expedit,</span> <span class='ocrx_word' id='word_1_233' title='bbox 976 3759 1161 3838; x_wconf 91' lang='lat' dir='ltr'>industria</span> <span class='ocrx_word' id='word_1_234' title='bbox 1181 3760 1320 3868; x_wconf 85' lang='lat' dir='ltr'>explo-</span> 
     </span>
     <span class='ocr_line' id='line_1_33' title="bbox 173 3871 1324 4000; baseline 0.001 -49"><span class='ocrx_word' id='word_1_235' title='bbox 173 3899 282 3951; x_wconf 88' lang='lat' dir='ltr'>rare.</span> <span class='ocrx_word' id='word_1_236' title='bbox 273 3873 452 4000; x_wconf 91' lang='lat' dir='ltr'>quippe</span> <span class='ocrx_word' id='word_1_237' title='bbox 469 3872 602 3980; x_wconf 86' lang='lat' dir='ltr'>saepius</span> <span class='ocrx_word' id='word_1_238' title='bbox 617 3873 666 3951; x_wconf 91' lang='lat' dir='ltr'>de</span> <span class='ocrx_word' id='word_1_239' title='bbox 682 3899 722 3950; x_wconf 87' lang='lat' dir='ltr'>re</span> <span class='ocrx_word' id='word_1_240' title='bbox 742 3899 933 3980; x_wconf 88' lang='lat' dir='ltr'>perquam</span> <span class='ocrx_word' id='word_1_241' title='bbox 951 3871 1110 3947; x_wconf 88' lang='lat' dir='ltr'>minimi</span> <span class='ocrx_word' id='word_1_242' title='bbox 1129 3873 1324 3951; x_wconf 89' lang='lat' dir='ltr'>momenti</span> 
     </span>
     <span class='ocr_line' id='line_1_34' title="bbox 174 3979 1323 4090; baseline -0.002 -27"><span class='ocrx_word' id='word_1_243' title='bbox 174 3983 351 4063; x_wconf 86' lang='lat' dir='ltr'>maxima</span> <span class='ocrx_word' id='word_1_244' title='bbox 379 3986 480 4063; x_wconf 91' lang='lat' dir='ltr'>inter</span> <span class='ocrx_word' id='word_1_245' title='bbox 515 3983 723 4062; x_wconf 89' lang='lat' dir='ltr'>Centurias</span> <span class='ocrx_word' id='word_1_246' title='bbox 756 3979 1119 4090; x_wconf 89' lang='lat' dir='ltr'>philosophantium</span> <span class='ocrx_word' id='word_1_247' title='bbox 1153 3983 1323 4088; x_wconf 87' lang='lat' dir='ltr'>agitatur</span> 
     </span>
     <span class='ocr_line' id='line_1_35' title="bbox 173 4090 1321 4174; baseline -0.001 0"><span class='ocrx_word' id='word_1_248' title='bbox 173 4094 446 4174; x_wconf 73' lang='lat' dir='ltr'>controversia</span> <span class='ocrx_word' id='word_1_249' title='bbox 507 4092 706 4174; x_wconf 82' lang='lat' dir='ltr'>Caeterirm</span> <span class='ocrx_word' id='word_1_250' title='bbox 732 4093 867 4173; x_wconf 92' lang='lat' dir='ltr'>videor</span> <span class='ocrx_word' id='word_1_251' title='bbox 893 4090 994 4171; x_wconf 92' lang='lat' dir='ltr'>mihi</span> <span class='ocrx_word' id='word_1_252' title='bbox 1024 4091 1200 4171; x_wconf 87' lang='lat' dir='ltr'>inaudite</span> <span class='ocrx_word' id='word_1_253' title='bbox 1232 4093 1321 4173; x_wconf 94' lang='lat' dir='ltr'>sub-</span> 
     </span>
     <span class='ocr_line' id='line_1_36' title="bbox 175 4203 1323 4314; baseline 0.001 -30"><span class='ocrx_word' id='word_1_254' title='bbox 175 4206 416 4285; x_wconf 85' lang='lat' dir='ltr'>muffitantes</span> <span class='ocrx_word' id='word_1_255' title='bbox 432 4206 634 4313; x_wconf 90' lang='lat' dir='ltr'>quosdam,</span> <span class='ocrx_word' id='word_1_256' title='bbox 655 4234 736 4314; x_wconf 94' lang='lat' dir='ltr'>quo</span> <span class='ocrx_word' id='word_1_257' title='bbox 755 4231 860 4285; x_wconf 89' lang='lat' dir='ltr'>nunc</span> <span class='ocrx_word' id='word_1_258' title='bbox 876 4203 912 4283; x_wconf 95' lang='lat' dir='ltr'>se</span> <span class='ocrx_word' id='word_1_259' title='bbox 928 4206 1095 4312; x_wconf 88' lang='lat' dir='ltr'>proripit</span> <span class='ocrx_word' id='word_1_260' title='bbox 1111 4205 1205 4284; x_wconf 80' lang='lat' dir='ltr'>ille?</span> <span class='ocrx_word' id='word_1_261' title='bbox 1224 4207 1323 4285; x_wconf 90' lang='lat' dir='ltr'>dum</span> 
     </span>
     <span class='ocr_line' id='line_1_37' title="bbox 174 4316 1325 4426; baseline 0 -29"><span class='ocrx_word' id='word_1_262' title='bbox 174 4319 217 4397; x_wconf 92' lang='lat' dir='ltr'>in</span> <span class='ocrx_word' id='word_1_263' title='bbox 237 4345 409 4397; x_wconf 89' lang='lat' dir='ltr'>errorem</span> <span class='ocrx_word' id='word_1_264' title='bbox 427 4316 639 4410; x_wconf 89' lang='lat' dir='ltr'>invehitur,</span> <span class='ocrx_word' id='word_1_265' title='bbox 660 4316 739 4426; x_wconf 90' lang='lat' dir='ltr'>ipse</span> <span class='ocrx_word' id='word_1_266' title='bbox 761 4336 844 4397; x_wconf 94' lang='lat' dir='ltr'>toto</span> <span class='ocrx_word' id='word_1_267' title='bbox 863 4335 964 4395; x_wconf 88' lang='lat' dir='ltr'>errat</span> <span class='ocrx_word' id='word_1_268' title='bbox 977 4316 1116 4396; x_wconf 88' lang='lat' dir='ltr'>Coelo:</span> <span class='ocrx_word' id='word_1_269' title='bbox 1139 4318 1325 4423; x_wconf 89' lang='lat' dir='ltr'>equidem</span> 
     </span>
     <span class='ocr_line' id='line_1_38' title="bbox 174 4427 1325 4536; baseline -0.001 -27"><span class='ocrx_word' id='word_1_270' title='bbox 174 4429 344 4536; x_wconf 88' lang='lat' dir='ltr'>agnosco</span> <span class='ocrx_word' id='word_1_271' title='bbox 363 4448 559 4524; x_wconf 90' lang='lat' dir='ltr'>erratum;</span> <span class='ocrx_word' id='word_1_272' title='bbox 590 4456 716 4536; x_wconf 93' lang='lat' dir='ltr'>neque</span> <span class='ocrx_word' id='word_1_273' title='bbox 739 4427 814 4507; x_wconf 94' lang='lat' dir='ltr'>hoc</span> <span class='ocrx_word' id='word_1_274' title='bbox 834 4427 1020 4519; x_wconf 82' lang='lat' dir='ltr'>fecissem,</span> <span class='ocrx_word' id='word_1_275' title='bbox 1043 4429 1112 4507; x_wconf 83' lang='lat' dir='ltr'>nifi</span> <span class='ocrx_word' id='word_1_276' title='bbox 1132 4427 1180 4507; x_wconf 90' lang='lat' dir='ltr'>de</span> <span class='ocrx_word' id='word_1_277' title='bbox 1201 4429 1325 4508; x_wconf 91' lang='lat' dir='ltr'>vestro</span> 
     </span>
    </p>
   </div>
   <div class='ocr_carea' id='block_1_3' title="bbox 0 0 1501 4980">
    <p class='ocr_par' dir='ltr' id='par_1_4' title="bbox 0 0 1501 4980">
     <span class='ocr_line' id='line_1_39' title="bbox 0 0 1501 4980; baseline 0 0"><span class='ocrx_word' id='word_1_278' title='bbox 0 0 1501 4980; x_wconf 95' lang='lat' dir='ltr'> </span> 
     </span>
    </p>
   </div>
  </div>
 </body>
</html>
