2956 4980
159 229 213 309 62
568 194 697 307 Artis
722 213 905 342 Logicae
1106 210 1216 309 Lib.
1243 252 1279 309 r.

217 385 443 465 Verborum
458 384 672 467 elationem
691 385 995 493 fignificantium
1007 414 1102 467 cum
1123 388 1313 499 particula

161 496 272 609 quim
292 496 525 604 exemplum
555 495 632 577 hoc
661 502 758 592 erit;
788 497 992 578 mendicare
1009 500 1186 609 praestat,
1207 500 1313 610 quin

147 610 306 720 furari.
366 609 448 687 ch
468 609 706 705 mendicare,
722 638 947 718 quanquam
967 612 1009 690 in
1028 610 1257 706 honestum,
1274 634 1314 693 ut

164 724 290 830 magis
312 740 442 800 tamen
462 741 502 799 et
521 723 653 829 potius
673 721 913 816 faciendum,
938 726 1069 831 arguit
1087 726 1219 805 multo
1239 726 1314 805 rni-

165 864 237 916 nus
257 833 331 913 elie
352 830 577 911 furandum.

223 947 287 1027 Sic
304 945 398 1025 malo
418 944 524 1037 illud,
546 943 691 1024 scilicet
710 945 817 1052 quod
836 947 980 1053 arguit,
1007 946 1118 1057 quim
1136 948 1219 1042 hoc,
1244 948 1313 1027 sci·

164 1062 258 1140 licet
285 1055 394 1167 quod
423 1058 623 1163 arguitur:
655 1078 700 1137 ut
718 1057 907 1166 Juvenal.
927 1057 1049 1167 satyra
1070 1058 1109 1139 8.
1137 1059 1314 1139 adversus

165 1170 381 1280 gloriosum
401 1168 590 1248 nobilem.

273 1344 381 1423 Malo
393 1358 509 1451 pater
527 1340 601 1420 tibi
601 1340 662 1445 fit
682 1336 879 1445 Thersites,
899 1341 1081 1424 dummodo
1102 1360 1149 1423 tu
1156 1344 1220 1449 fis

277 1453 449 1535 AEacidae
459 1452 608 1558 stmilis,
635 1454 675 1531 V
669 1450 887 1563 ulcania‘que
904 1454 1207 1565 arma'capefflzs,

278 1566 400 1675 Quim
418 1583 456 1645 te
477 1561 818 1671 Therſstaeſsmilem
830 1565 1018 1675 producat
1036 1568 1221 1647 Achilles.

223 1755 343 1863 Qod
367 1752 481 1832 malit
506 1752 726 1859 ignobilem
753 1750 913 1846 fortem,
941 1755 1048 1862 quod
1072 1774 1206 1835 tamen
1241 1786 1318 1837 non

168 1867 223 1946 est
243 1869 296 1945 ita
316 1864 549 1973 optandum,
574 1893 625 1943 ex
649 1893 696 1943 eo
716 1866 845 1970 arguit
864 1885 980 1973 atque
1000 1867 1169 1947 ostendit
1190 1866 1215 1949 a
1234 1898 1320 1950 ma·

161 1980 241 2084 jori
259 1979 333 2056 five
353 1975 375 2056 ὲ
394 1976 539 2084 potiori
559 1973 680 2083 quarn
700 1976 866 2055 minime
885 1978 981 2057 velit
1004 1978 1177 2059 nobilem
1206 1982 1319 2091 igna-

167 2118 277 2169 vum.
311 2088 460 2186 Caefizr:
482 2087 800 2194 Malomodestiam
814 2088 852 2167 in
866 2088 1109 2199 milite,qucim
1120 2092 1318 2175 vr'rtutem.

168 2201 380 2293 Modestia,
399 2199 550 2305 judicio
573 2198 748 2306 Caesaris,
777 2200 1016 2308 praestantior
1035 2221 1075 2281 et
1093 2203 1236 2309 major,
1260 2235 1321 2285 ar·

169 2315 257 2422 guit
275 2314 463 2393 virtutem
484 2312 558 2389 five
580 2308 853 2391 fortitudinem
873 2314 913 2391 in
934 2313 1062 2394 milite
1089 2317 1223 2397 minus
1247 2318 1321 2397 effe

168 2423 288 2534 quam
309 2424 497 2504 modestia
512 2423 805 2530 requirendam:
827 2425 889 2503 vel
902 2426 1032 2533 potius
1047 2424 1069 2505 l
1085 2429 1234 2508 minori
1249 2459 1320 2509 ex·

168 2556 328 2645 aggerat
345 2536 542 2615 modestiae
558 2536 716 2614 laudern
732 2537 772 2614 in
789 2535 915 2615 milite
927 2565 1004 2646 pra²
1018 2540 1173 2620 virtutis
1188 2542 1320 2621 laude.

326 2708 503 2819 Sequitur
521 2707 701 2813 majorum
720 2710 988 2815 trallatiostne
1006 2712 1113 2792 notis.

227 2890 361 2996 Atque
378 2889 418 2967 in
435 2886 511 2967 hoc
526 2885 653 2966 solbm
669 2914 812 2994 genere
832 2888 871 2966 id
888 2891 1013 2996 majus
1029 2892 1085 2971 est
1099 2892 1211 2998 cujus
1229 2922 1324 3007 pro-

170 3001 349 3082 babilitas
369 3020 435 3080 aut
455 2999 661 3078 difficultas
681 3000 736 3078 est
756 3000 892 3105 major.
937 3004 1020 3083 ch
1039 3006 1158 3084 etiarn
1177 3006 1323 3115 Logici

171 3114 324 3221 regulas
349 3111 633 3219 consequentia
662 3111 811 3191 tradere
841 3112 964 3193 solent
993 3143 1072 3195 non
1097 3113 1227 3197 solbm
1250 3146 1321 3199 ne-

171 3227 313 3332 gando,
338 3244 381 3303 ut
400 3223 485 3302 vult
504 3223 663 3330 Aristot.
686 3221 808 3304 Rhet.
833 3250 870 3303 2.
895 3251 915 3304 2
923 3254 960 3332 3.
1019 3224 1172 3307 Verbm
1198 3230 1325 3310 etiam

170 3335 414 3427 affirmando,
441 3362 513 3442 pro
540 3336 767 3441 quantitatis
794 3334 942 3416 diversa
971 3337 1073 3419 vict
1101 3340 1325 3422 confidera-

172 3450 293 3541 tione,
315 3448 355 3524 in
375 3447 570 3553 exemplis
593 3446 774 3526 diversas:
806 3447 978 3552 ejusdem
1006 3452 1113 3529 enim
1143 3456 1325 3565 exempli

170 3588 248 3639 una
268 3576 421 3639 tantum
441 3560 538 3636 ratio
556 3558 624 3636 est.
685 3559 725 3636 Si
741 3558 865 3663 majus
882 3561 937 3639 est
949 3561 1204 3670 probabilius,
1220 3566 1325 3645 dun-

171 3690 278 3752 taxat
298 3668 491 3775 negando,
518 3669 558 3748 in
587 3666 693 3748 hunc
713 3670 905 3751 modum:
936 3671 1033 3781 quod
1056 3703 1126 3755 non
1148 3678 1258 3757 valet
1286 3678 1327 3757 in

170 3782 320 3888 majore,
341 3811 410 3860 non
429 3780 570 3860 valebit
589 3780 627 3859 in
646 3781 794 3861 minore.
844 3784 884 3861 Si
904 3783 1028 3889 majus
1047 3786 1103 3865 est
1122 3788 1325 3871 difficilius

170 3916 238 3975 aut
266 3893 548 3985 incredibilius,
580 3893 770 3972 duntaxat
799 3894 1056 3976 affirmando:
1093 3899 1191 4008 quod
1213 3901 1255 3981 in
1282 3930 1326 3982 re

169 4006 306 4113 majore
324 4005 442 4097 valet,
471 4005 575 4083 valet
601 4003 639 4083 in
668 4005 818 4099 minore,
844 4026 890 4086 ut
912 4009 1041 4115 inquit
1062 4010 1143 4091 Cic.
1168 4013 1208 4090 in
1236 4014 1321 4123 Tap.

171 4119 303 4224 Hujus
323 4116 554 4225 exemplum
574 4116 630 4194 est
649 4116 798 4197 AEneid.
826 4146 860 4196 1.

228 4296 263 4372 0
269 4291 369 4398 socii
386 4290 524 4402 (neque
542 4291 634 4371 enim
654 4290 784 4397 ignari
785 4291 919 4398 stemus
937 4312 1025 4374 ante
1041 4294 1253 4407 malorum)

226 4408 261 4484 0
274 4403 373 4513 paffl
380 4405 566 4512 gravibra
579 4407 597 4481 l
617 4402 721 4483 dabit
742 4405 850 4483 Deus
868 4404 925 4483 liis
941 4406 1217 4516 quoqueſsnem.
