2956 4980
446 216 737 316 Prolufiones
763 224 1001 317 Oratoriae.
1223 261 1302 345 443

155 394 198 472 in
211 421 277 473 me
290 394 495 488 descendo,
510 417 548 476 et
563 396 668 504 quasr
686 396 796 476 flexis
813 396 1024 476 introrsum
1038 397 1160 475 oculis
1174 424 1305 476 meam

157 507 391 586 tenuitatem
404 508 570 587 secretus
582 510 752 603 intueor,
766 509 952 615 equidem
968 508 1100 616 saepius
1121 506 1308 588 mihimet

160 617 233 697 soli
248 619 424 699 conscius
441 618 624 700 erubesco
644 641 683 700 et
703 621 905 729 repentina
924 619 1103 727 quaedam
1123 623 1309 726 ingruens

123 820 126 825 ⁸
162 729 347 810 moestitia
379 731 640 813 subfilientem
666 732 853 842 deprimit
875 750 915 810 et
935 732 1093 839 jugulat
1116 732 1305 811 letitiam.

159 842 236 920 Sed
257 844 379 922 nolite
399 843 644 937 Academici,
666 846 716 924 sic
736 872 800 922 me
814 844 1011 949 jacentem
1027 862 1066 922 et
1085 844 1307 923 consterna-

158 972 262 1047 tum,
287 975 328 1035 et
344 957 427 1035 acie
448 957 655 1036 oculorum
674 957 890 1035 vestrorum
915 973 1101 1062 tanquam
1128 954 1176 1034 de
1205 955 1306 1034 coelo

157 1068 322 1160 tastum,
343 1069 464 1146 nolite
484 1067 610 1174 quaeso
626 1068 677 1147 fic
691 1067 885 1161 deserere;
908 1069 1032 1175 erigat
1046 1096 1110 1147 me
1127 1066 1306 1146 semiani-

104 1252 106 1256 Α
157 1205 288 1273 mum,
309 1179 415 1286 quod
440 1179 580 1288 potest,
607 1199 647 1259 et
671 1178 864 1259 refocillet
887 1180 1001 1259 vestri
1026 1178 1168 1259 favoris
1200 1207 1306 1273 aura,

157 1289 213 1367 ita
233 1289 314 1385 fiet,
331 1309 390 1384 ut,
406 1290 515 1371 vobis
534 1289 778 1385 authoribus,
794 1319 872 1371 non
888 1291 1103 1370 admodum
1124 1317 1240 1397 grave
1262 1290 1307 1371 srt

158 1398 237 1481 hoc
257 1403 433 1497 malum;
462 1423 501 1483 at
527 1401 748 1483 remedium
769 1404 864 1482 mali
883 1403 992 1483 vobis
1012 1401 1305 1497 exhibentibus,

158 1541 206 1592 eo
220 1513 433 1618 jucundius
452 1534 492 1597 et
512 1516 732 1623 acceptius3
764 1515 861 1595 adeo
881 1535 925 1594 ut
947 1512 1050 1594 mihi
1075 1514 1195 1594 fuerit
1214 1541 1305 1623 per-

159 1653 282 1733 quam
311 1645 470 1732 gratum
504 1627 555 1707 fic
580 1626 712 1734 sapius
740 1628 970 1721 exanimari,
998 1627 1118 1706 modo
1145 1626 1261 1730 liceat
1287 1624 1309 1705 l

158 1736 269 1818 vobis
288 1740 452 1818 recreari
471 1767 537 1819 me
557 1741 671 1818 toties
690 1756 730 1818 et
750 1738 871 1818 refici.
931 1739 1028 1821 Ato
1049 1739 1209 1817 interim
1229 1740 1305 1818 sm·

157 1849 338 1954 gularem
358 1851 400 1929 in
417 1850 526 1931 vobis
541 1852 639 1944 vim,
655 1869 772 1957 atque
790 1851 980 1942 eximiam
1001 1851 1204 1944 virtutem,
1220 1878 1307 1957 quae

160 1979 349 2069 tanquam
363 1961 1309 2057 hastaillaAclrillea,Vulcanimunus,vulneratet

158 2074 394 2154 medicatur!
426 2075 625 2154 Caeterum
639 2102 710 2153 nec
725 2076 891 2154 miretur
903 2074 1147 2184 quispiam,s1
1160 2101 1235 2181 ego
1250 2092 1309 2154 tot

160 2184 381 2266 eruditione
401 2185 566 2293 insrgnes
588 2188 704 2279 viros,
729 2205 937 2295 totumque
962 2214 1061 2295 pene
1082 2187 1307 2265 Academiae

160 2295 301 2377 florem
325 2296 404 2376 huc
428 2296 671 2391 confluxisse,
699 2317 885 2405 tanquam
916 2300 1018 2376 inter
1039 2296 1136 2375 astra
1163 2299 1308 2406 positus

161 2407 423 2517 triumphem;
438 2412 504 2488 vix
514 2412 662 2489 etenim
672 2409 1053 2518 opinorpluresolim
1060 2410 1231 2488 Athenas
1242 2409 1310 2488 ad-

161 2521 326 2601 ventaiffe
341 2523 390 2601 ad
405 2522 646 2601 audiendum
659 2521 756 2600 duos
771 2523 956 2600 Oratores
969 2519 1141 2600 summos
1157 2518 1308 2624 Demos·

158 2632 556 2738 thenemetAEsclrinem
565 2635 612 2712 de
622 2634 843 2742 principatu
857 2633 1091 2740 eloquentiae
1103 2652 1308 2728 certantes,

159 2771 234 2824 nec
271 2773 359 2824 eam
388 2774 562 2853 unquam
602 2745 846 2825 foelicitatem
875 2744 1076 2851 contigisse
1111 2749 1309 2854 peroranti

162 2858 372 2963 Horterfio,
393 2885 465 2937 nec
486 2876 644 2937 tottam
671 2860 827 2963 egregie
852 2855 1023 2935 literatos
1043 2856 1145 2935 viros
1164 2855 1310 2935 conde-

161 2969 304 3049 coralffe
323 2988 500 3050 orantem
515 2968 750 3059 Ciceronem,⁸
772 2968 868 3073 adeo
884 2987 926 3046 ut
940 2968 1120 3074 quamvis
1140 2994 1215 3074 ego
1234 2966 1312 3049 hoc

162 3108 261 3190 opus
282 3082 412 3161 minus
431 3079 615 3160 foeliciter
634 3080 845 3172 absolvero,
867 3081 940 3158 erit
961 3098 1092 3158 tamen
1113 3078 1215 3158 mihi
1234 3077 1310 3159 ho-

163 3193 250 3272 nori
269 3220 348 3273 non
368 3192 605 3301 aspernando
623 3192 664 3270 in
691 3209 798 3271 tanto
823 3190 1010 3270 concursu
1033 3210 1310 3297 conventuque

161 3303 557 3412 praestantissimorum
578 3302 789 3383 hominum
808 3302 870 3381 vel
888 3302 1004 3381 verba
1031 3300 1173 3380 fecisse.
1232 3304 1310 3382 At-

164 3444 243 3522 que
264 3414 395 3497 hercle
415 3444 493 3496 non
514 3415 667 3525 possum
687 3442 762 3521 ego
782 3441 900 3506 nunc,
920 3414 1016 3520 quin
1037 3411 1140 3492 mihi
1158 3412 1312 3493 blandi-

164 3527 296 3607 uscule
316 3528 502 3636 plaudam
521 3530 591 3636 qui
611 3527 673 3607 vel
697 3528 856 3634 Orpheo,
877 3525 938 3603 vel
959 3525 1163 3633 Amphione
1183 3527 1312 3607 multo

163 3638 235 3718 fim
256 3667 346 3719 meo
358 3639 510 3745 judicio
529 3638 787 3719 fortunatior:
810 3636 852 3717 hi
869 3638 975 3716 enirn
989 3634 1188 3717 chordulis
1207 3637 1312 3718 suavi

161 3770 360 3847 concentu¹
375 3750 646 3831 adsonantibus
662 3750 808 3856 digitos
824 3768 976 3829 tantum
997 3749 1109 3828 dode
1130 3769 1169 3827 et
1188 3751 1313 3856 perite

164 3861 427 3943 admovebant
438 3895 449 3956 ;
471 3883 631 3969 eratque
652 3863 692 3940 in
712 3863 802 3969 ipsrs
818 3860 975 3954 fidibus,
988 3877 1028 3937 et
1047 3861 1087 3936 in
1102 3879 1195 3967 apto
1214 3858 1313 3938 dex-

164 3989 304 4082 troque
331 4001 521 4053 manuum
547 3992 660 4053 motu
687 3972 842 4080 aequalis
863 3971 1046 4077 utrinque
1067 3998 1155 4078 pars
1175 3970 1311 4051 dulce·

162 4083 290 4165 dinis:
317 4086 428 4192 atqui
439 4084 663 4193 egosrquid
675 4081 793 4163 hodie
806 4082 930 4162 laudis
942 4080 1035 4160 hinc
1049 4100 1312 4191 reportavero,

163 4222 209 4274 ea
236 4195 323 4276 sane
351 4214 391 4275 et
417 4214 499 4276 tota
525 4197 599 4276 erit
624 4214 665 4275 et
683 4223 772 4274 vere
799 4222 901 4287 mea,
922 4211 1107 4300 tantoque
1128 4194 1311 4289 nobilior,

164 4326 312 4414 quanto
331 4309 481 4413 ingenii
501 4335 599 4417 opus
619 4307 741 4387 vincit
769 4333 814 4385 ac
839 4304 989 4413 praestat
1008 4333 1198 4384 manuum
1219 4309 1314 4386 arti-

165 4417 315 4498 ficium.
376 4419 533 4500 Deinde
566 4417 608 4498 hi
636 4419 737 4511 saxa,
766 4437 804 4497 et
833 4416 946 4510 seras,
976 4416 1170 4524 sylvasque
1198 4419 1245 4496 ad
1279 4419 1314 4498 se
