2956 4980
394 218 558 312 Literae
584 213 776 312 Oliverii
802 217 1090 313 Protedtoris.
1237 254 1314 333 305

165 386 366 467 ficiscitur.
427 392 550 483 Eum,
572 390 696 497 srquid
716 392 804 485 erit,
825 392 864 470 in
885 420 965 499 quo
985 390 1149 469 vestram
1174 388 1315 468 autho·

165 501 325 579 ritatem
353 499 579 605 adjumento
606 502 676 580 fibi
707 502 790 580 fore
818 522 884 582 aut
914 503 1087 610 praefidio
1114 500 1315 579 existima-

165 610 283 703 verit,
322 613 647 691 commendatum
686 613 795 693 vobis
839 641 1076 721 magnopere
1116 612 1313 691 volumus.

165 721 393 830 Nostraque
426 724 719 803 commendatio
751 753 831 831 quo
869 725 964 804 solet
998 725 1071 803 effe
1103 724 1207 829 apud
1246 750 1314 801 vos

162 833 352 940 pondere,
377 834 517 913 eodem
542 837 601 914 uti
627 863 730 914 nunc
757 837 802 915 fit
825 864 1033 944 rogamus:
1065 834 1175 913 vobis
1200 833 1312 913 vicis·

161 946 249 1037 sun,
272 945 397 1053 fiquid
417 944 607 1052 ejusmodi
627 949 798 1027 occurrit
818 975 895 1027 non
916 945 1101 1027 defuturi.

251 1059 316 1135 Ex
336 1058 444 1136 Aula
462 1057 584 1166 nostra
602 1059 919 1165 Wrstmonasserio.

334 1168 412 1248 Die
431 1173 537 1276 Aug.
562 1174 642 1250 An.
672 1173 717 1249 16
723 1195 788 1277 57.

163 1553 365 1633 Oliverius
406 1557 603 1634 Proterror
634 1556 742 1661 Reip.
776 1555 945 1662 Angliae,
980 1556 1057 1635 &c.
1093 1553 1310 1657 Sereniffimo

211 1666 392 1775 Princrpi
412 1667 620 1745 Frederico
645 1665 807 1747 Haeredi
829 1667 1056 1773 Norwegiae‚
1083 1666 1193 1747 Duci
1213 1666 1260 1742 Sl
1260 1663 1311 1769 s

218 1776 310 1879 vici,
345 1779 542 1883 Hofflrtiae,
576 1780 809 1873 Storma'riae‚
843 1779 1078 1884 Ditmarfiae,
1112 1777 1249 1859 Comiti
1272 1777 1310 1855 in

222 1888 438 1997 Oldenburg
456 1908 493 1969 et
512 1891 780 1997 Delmenhorst.

248 2047 492 2127 Sereniffime
515 2049 717 2159 Princeps,
738 2032 863 2129 amice
883 2048 1117 2142 chariffrme,

293 2171 388 2251 Iffus
408 2169 430 2251 a
450 2171 561 2252 nobis
581 2173 653 2251 Vir
677 2172 787 2252 domi
814 2172 955 2252 nobilis
985 2173 1186 2252 Gulielmus
1208 2172 1309 2280 Jep-

304 2283 437 2390 sonus,
458 2284 630 2364 Mlitum
654 2282 857 2378 Tribunus,
878 2305 917 2364 et
942 2283 1180 2364 Parlamentr'
1199 2284 1315 2389 nestri

159 2393 336 2486 Senator,
353 2397 401 2475 ad
419 2396 712 2475 Sereniffimum
731 2397 927 2476 Suecorum
939 2397 1089 2501 Regem,
1103 2394 1208 2502 quod
1221 2394 1309 2503 paci

158 2507 384 2600 communi,
414 2508 569 2614 Reique
602 2507 825 2616 Chrssianae
853 2506 950 2586 felix
975 2505 1224 2615 faustumque
1249 2507 1309 2599 fit,

159 2616 424 2723 Legationem
444 2619 541 2698 obit.
601 2620 650 2699 Ei
676 2621 777 2698 inter
796 2619 870 2698 alia
890 2622 1096 2726 negotium
1114 2618 1309 2710 dedimus,

158 2745 207 2806 ut
225 2756 320 2808 cum
343 2730 383 2808 in
404 2731 542 2809 itinere
562 2728 726 2809 salutem
752 2730 965 2840 plurimam
986 2732 1192 2809 Serenitati
1212 2728 1310 2807 Ves-

158 2856 229 2917 trae
247 2840 376 2921 nostro
389 2842 550 2920 nomine
564 2841 733 2936 dixiffet,
754 2842 1035 2949 pristinamque
1052 2840 1221 2920 nostram
1241 2841 1309 2918 be-

158 2951 426 3031 nevolentiam
451 2972 491 3032 et
509 2953 811 3032 constantissima
835 2953 960 3033 studia
984 2951 1238 3060 fignificaffet,
1259 2951 1308 3028 ab

157 3089 209 3140 eo
228 3090 386 3171 quoque
406 3082 570 3174 peteret,
588 3085 631 3145 ut
650 3062 884 3145 authoritate
899 3064 1022 3144 vestra
1042 3065 1216 3143 munitus
1237 3064 1310 3140 iter

159 3191 294 3252 tutum
313 3194 430 3283 atque
456 3177 715 3255 commodum
745 3173 888 3256 habere
911 3204 982 3285 per
1001 3176 1167 3255 vestram
1190 3175 1303 3254 ditio·

158 3312 255 3363 nem
274 3286 401 3394 poffit.
460 3289 555 3394 Qu
575 3286 765 3367 beneficio
781 3287 983 3367 Celfitudo
997 3286 1119 3367 vestra
1137 3314 1207 3366 nos
1221 3285 1307 3366 nos-

158 3417 298 3504 traque
319 3398 485 3478 viciffim
508 3399 637 3478 officia
658 3399 849 3505 majorem
874 3403 915 3478 in
942 3400 1107 3480 modum
1128 3399 1308 3478 demere·

157 3507 281 3588 bitur.

247 3619 552 3730 Wessmonasterio
572 3651 618 3701 ex
638 3622 744 3701 Aula
763 3622 899 3731 nostra.

329 3731 408 3810 Die
426 3735 532 3840 Aug.
555 3736 635 3813 An.
663 3737 782 3841 1657.
