2956 4980
194 246 313 378 Cap.
337 292 377 370 9.
514 245 703 345 Plenior
728 245 977 345 Institutio.
1266 292 1318 376 ²7

157 429 313 508 nerales
333 427 422 508 sunt
440 430 503 507 vel
529 448 659 508 motus
678 427 860 536 quilibet,
881 456 967 536 quae
984 427 1144 535 operatio
1164 448 1203 509 et
1222 433 1318 512 aeiio

158 541 334 634 dicitur;
364 541 426 620 vel
448 568 506 620 res
527 557 639 620 motu
659 538 782 632 faerae,
805 567 892 647 quae
910 540 997 618 sunt
1015 555 1139 647 opero.
1198 543 1319 624 Modi

159 652 362 761 speciales,
392 653 466 730 five
492 653 676 761 exempla
702 651 865 761 speciala
893 651 981 731 sunt
1004 654 1209 757 generatio,
1233 685 1317 735 cor-

161 764 291 873 ruptio
310 764 497 870 etstrnilia
516 761 538 842 ὲ
560 763 732 871 Physrcis
751 764 887 873 petita.
949 761 1074 841 Causa
1091 765 1214 861 enim,
1230 794 1318 847 cor·

163 903 353 985 rumpens
364 877 421 956 est
433 874 544 956 causa
556 903 762 985 procreans
776 875 1050 983 corruptionis.
1082 875 1319 960 Notandum

162 1006 301 1067 autem
325 987 380 1067 est
400 984 466 1067 hic
486 1017 563 1067 rem
585 987 820 1096 quamlibet,
845 1014 923 1066 non
948 1003 1095 1080 motum,
1127 989 1191 1067 sed
1220 1011 1319 1072 motu

146 1099 324 1206 sobiam,
340 1098 526 1209 Effldurn
546 1099 651 1179 dici:
684 1098 790 1177 nulla
809 1099 917 1177 enim
938 1126 998 1177 res
1017 1119 1139 1194 mota,
1156 1129 1318 1182 moven-

165 1214 216 1291 tis
236 1211 425 1291 effectum
444 1211 515 1304 est,
541 1210 610 1289 nisr
637 1238 697 1319 res
716 1210 880 1290 effeeta:
912 1238 972 1290 res
1000 1211 1108 1290 enim
1135 1234 1319 1324 corrupta

165 1326 439 1432 corrumpenti
458 1324 650 1402 contraria
668 1321 737 1401 est.

225 1434 358 1541 Hujus
381 1435 459 1515 loci
482 1434 569 1513 sunt
594 1433 726 1514 laudes
751 1453 792 1513 et
810 1433 1129 1540 vituperationes,
1150 1464 1318 1544 quarum

168 1547 281 1656 pleni
315 1545 404 1626 sunt
434 1547 526 1626 libri
552 1545 647 1626 sacri
673 1565 713 1626 et
736 1542 944 1655 prophani.
1003 1546 1043 1623 A
1075 1544 1186 1626 fastis
1212 1550 1320 1658 enim

167 1658 333 1768 quisque
354 1659 597 1767 potiffimum
619 1657 797 1736 laudatur
816 1676 855 1737 et
873 1657 1129 1764 vituperatur.

228 1771 324 1850 Huc
343 1771 463 1851 etiam
483 1771 586 1850 dina
613 1770 831 1878 scriptaque
859 1765 1060 1847 referenda
1085 1768 1194 1865 sunt;
1225 1800 1320 1852 con·

168 1881 250 1961 srlia
274 1883 372 1962 item
398 1902 438 1962 et
465 1881 776 1975 deliberationes,
801 1879 948 1961 etiamsi
976 1880 1024 1958 ad
1049 1882 1203 1962 exitum
1230 1913 1320 1994 per-

168 1994 295 2074 duetae
324 2021 403 2073 non
430 1993 589 2074 fuerint.
648 1993 795 2102 Neque
823 1993 930 2071 enim
962 1989 1063 2070 fana
1086 1990 1227 2089 solhm,
1256 1997 1321 2076 [εά

168 2107 293 2186 etiam
310 2104 484 2186 consulta
503 2124 543 2185 et
562 2107 734 2213 cogitata
753 2132 825 2214 pro
842 2103 990 2183 effectis
1009 2100 1188 2185 habenda
1207 2108 1308 2188 sunt.

228 2219 328 2297 Sunt
345 2218 455 2297 etiarn
473 2217 604 2328 effusio
622 2217 812 2297 virtutum
830 2234 866 2294 et
885 2214 1076 2295 vitiorum.
1136 2219 1324 2300 Horatius

170 2325 391 2410 hocmodb
410 2330 607 2409 ebrietatis
627 2328 766 2408 effedia
785 2326 990 2407 describit:

230 2491 336 2606 Quid
349 2522 418 2573 non
436 2493 596 2574 ebrietas
614 2491 813 2600 destgnot?
842 2508 971 2600 operta
989 2493 1164 2590 recludit,
1186 2499 1261 2578 &o

229 2667 383 2747 Volunt
407 2666 473 2747 htc
499 2668 677 2777 plerique
698 2667 815 2746 Romi
833 2667 1061 2778 interpretes
1081 2667 1211 2750 motirs
1230 2672 1324 2753 doc·
1425 2677 1430 2690 ’

172 2780 333 2873 trinam,
354 2798 491 2888 utpote
515 2780 569 2859 rei
595 2779 801 2887 generalis,
822 2780 869 2858 ad
891 2781 1083 2887 Logicam
1103 2783 1322 2890 pertinere;

174 2890 338 2971 sednon
360 2890 476 2970 reiis.
538 2891 649 3002 Qid
669 2892 775 2969 enirn
801 2893 927 2998 potest
948 2893 1096 2998 Logica
1115 2893 1254 2973 docere
1273 2896 1323 2975 de

174 3022 304 3096 motu,
318 3004 424 3111 quod
445 3004 617 3081 naturale
638 3022 678 3080 et
694 3001 904 3109 Physrcum
924 3031 1001 3083 non
1023 3003 1081 3082 fit.
1128 3004 1323 3100 Scientios,

175 3117 375 3222 inquiunt,
397 3143 447 3193 ex
463 3114 622 3223 Arssot.
642 3112 757 3220 Phys.
773 3113 811 3193 8.
829 3141 866 3219 3.
885 3132 922 3194 et
939 3114 1131 3223 opiniones,
1151 3135 1249 3196 motu
1269 3119 1330 3198 uti
1435 3118 1438 3124 ’

173 3255 304 3308 omnes.
365 3229 544 3307 Utuntur
563 3226 741 3335 quidem,
761 3225 823 3304 sed
845 3255 894 3305 ex
914 3246 1064 3321 natura,
1080 3256 1201 3336 quam
1219 3228 1326 3338 Phy-

175 3338 251 3417 fica
277 3339 405 3433 docet,
438 3340 575 3448 petito.
637 3338 701 3416 Sic
727 3339 876 3445 Logica
908 3341 1055 3419 ratione
1082 3342 1219 3436 utitur,
1253 3371 1325 3424 nec

176 3470 310 3529 tamen
330 3451 489 3529 rationis
504 3470 697 3542 naturam,
711 3445 774 3528 [εά
789 3451 1044 3531 ratiocinandi
1058 3472 1182 3532 artem
1196 3454 1325 3536 docet.

177 3564 324 3642 Omnis
342 3562 505 3670 quidem
526 3561 637 3640 causa
657 3579 805 3655 movet,
821 3559 1008 3644 effessum
1028 3583 1231 3660 movetur;
1254 3594 1326 3647 nec

177 3694 310 3752 tamen
337 3674 433 3781 quid
459 3691 615 3753 moveat
643 3692 711 3751 aut
739 3693 957 3769 moveatur,
978 3675 1042 3754 sed
1066 3676 1161 3783 quid
1189 3699 1327 3786 arguat

176 3805 247 3866 aut
266 3805 449 3893 arguatur
470 3786 641 3893 Logicus
669 3785 894 3867 considerat.
957 3787 1091 3895 Ipsum
1119 3789 1238 3867 etiarn
1258 3820 1327 3870 or-

173 3926 292 4005 guere
309 3915 347 3978 et
364 3898 482 4004 argui
497 3926 574 3976 non
595 3915 784 4006 quatenus
803 3918 933 3978 motus
953 3898 1022 3992 est,
1043 3918 1110 3978 aut
1130 3927 1188 3979 res
1215 3922 1328 3985 motu

180 4008 295 4101 fana,
325 4008 389 4088 [εά
418 4030 608 4118 quatenus
636 4008 822 4088 relatione
850 4010 1020 4118 quadam
1049 4014 1239 4118 arguendi
1267 4017 1328 4096 vel

181 4121 409 4201 facultatem
424 4121 677 4201 ratiocinandi
693 4120 803 4225 juvat
816 4122 877 4200 vel
898 4140 1021 4201 artem
1042 4123 1173 4218 tradit,
1186 4125 1234 4205 ad
1249 4128 1328 4207 Lo-

179 4235 313 4341 gicam
333 4234 515 4344 pertinet.

237 4345 352 4425 Duos
390 4343 455 4424 htc
493 4373 658 4425 canones
696 4345 814 4424 causae
847 4365 887 4425 et
921 4345 1051 4425 effecti
1084 4374 1330 4445 communes,

179 4459 360 4564 quamvis
378 4457 417 4536 in
432 4455 593 4564 Physica
606 4458 735 4566 potius
747 4455 866 4566 quim
884 4460 923 4537 in
938 4459 1085 4566 Logica
1101 4461 1331 4557 uastandos,
