2956 4980
158 264 237 345 194
391 223 553 319 Literae
579 229 772 318 Senatus
796 217 1071 351 Anglicani.

539 661 685 767 Legato
706 657 920 768 Hfitanico.

240 833 573 915 Excellentiffime
593 833 786 927 Domine,

252 959 462 1039 Oncilium
481 959 625 1051 Status,
652 984 775 1065 quarn
798 953 976 1067 primirm
1000 983 1071 1064 per
1089 957 1294 1064 graviffimr
1341 1004 1343 1053 ς

280 1069 456 1179 Reipub.
478 1070 635 1177 negotia
660 1070 789 1163 licuit,
813 1070 854 1147 in
874 1068 1161 1151 Parlamentum
1180 1072 1296 1150 attulit
1341 1088 1343 1093 ·

158 1202 327 1292 quatuor
346 1184 414 1262 illa
433 1181 573 1291 scripta
590 1210 677 1290 quae
694 1181 822 1263 visum
845 1180 901 1261 est
922 1181 1043 1260 Excel
1040 1180 1295 1290 lentiaeVssrae
1341 1188 1343 1287 ζ

157 1295 451 1404 undevigefimo
466 1293 882 1432 proximiDecembris
897 1293 1185 1374 eumConcilio
1196 1323 1293 1375 com
1341 1326 1343 1357 ῑ

159 1410 376 1502 municare,
393 1406 530 1511 Conſsl'
513 1435 587 1487 rum
603 1403 910 1486 aParlamento
899 1433 940 1484 m
953 1405 1156 1487 Mandatis
1176 1406 1296 1498 habet,
1341 1472 1343 1477 .

157 1520 263 1650 quod
284 1520 333 1600 ad
356 1522 535 1630 primum
557 1517 793 1628 scriptorum
815 1518 977 1597 illorum
1000 1537 1135 1626 caput,
1160 1520 1209 1599 de
1231 1546 1295 1600 nu·

158 1660 244 1741 perr
232 1631 410 1711 scilicet
429 1630 631 1736 Reſsdentis
650 1629 708 1709 sui
727 1633 841 1712 Dom.
862 1629 1044 1735 Asclrami
1063 1629 1259 1713 nefariis
1247 1658 1296 1712 ιιι·

158 1743 444 1837 terfectoribus,
466 1741 713 1851 Responsum
731 1741 809 1823 hoc
828 1741 1014 1822 reddere:

215 1856 500 1937 Parlamentum
520 1856 688 1949 tamdiu,
713 1852 842 1947 toties,
868 1873 1029 1962 tamque
1056 1855 1217 1950 merito,
1241 1856 1301 1937 de-

157 1965 289 2047 bitum
302 1994 441 2046 eorum
457 1966 698 2077 supplicium
715 1965 918 2076 postuldffe
933 1985 979 2047 ut
993 1963 1165 2076 ampliirs
1179 1967 1302 2049 dicere

158 2106 258 2188 opus
286 2106 367 2158 non
396 2080 441 2158 fit
469 2080 509 2157 in
540 2107 582 2159 re
613 2097 718 2160 tanta
747 2078 817 2157 ubi
841 2077 905 2185 (ut
924 2079 1160 2161 Excellentia
1180 2081 1306 2189 Vestra

158 2189 322 2300 pulchre
349 2190 551 2298 meminit)
577 2193 709 2299 Regia
727 2189 942 2298 Majestatis
966 2191 1047 2300 ipsa
1071 2191 1204 2298 agitur
1223 2195 1307 2273 Au-

159 2301 347 2384 thoritas:
379 2307 433 2384 Et
452 2304 530 2382 fine
556 2330 633 2409 qua
656 2332 697 2383 re
721 2305 851 2382 omnis
876 2303 977 2384 ratio
1004 2304 1209 2384 Societatis
1233 2303 1309 2385 hu·

159 2443 282 2495 manae
317 2436 357 2495 et
393 2414 659 2496 conservanda
697 2415 799 2496 inter
828 2433 964 2522 gentes
1002 2416 1184 2496 amicitia
1223 2417 1311 2496 tolli

158 2527 306 2606 neceffe
334 2528 422 2606 erit.
483 2528 630 2634 Neque
656 2526 743 2607 sane
766 2526 849 2606 ullo
872 2526 920 2607 ab
945 2528 1157 2634 Religione
1182 2531 1312 2637 petito

160 2657 393 2744 argumento
424 2638 645 2746 intelligere
676 2638 891 2749 poffumus,
923 2639 1194 2719 innocentium
1227 2641 1315 2721 san·-

157 2752 323 2857 guinem
342 2749 600 2830 scelestissima
618 2752 722 2831 caede
736 2751 906 2831 effusum
921 2778 1002 2831 non
1015 2751 1089 2832 effe
1103 2752 1313 2833 vindican-

157 2863 270 2956 dum,
301 2864 534 2943 Etiamnum
566 2865 699 2972 itaque
731 2863 845 2943 instat
873 2864 1158 2946 Parlamentum
1188 2884 1233 2945 et
1263 2866 1315 2947 ab

158 2976 279 3084 Regia
298 2973 499 3083 Majestate
518 2980 712 3085 expectat,
734 2993 779 3054 ut
780 2977 923 3082 ,juxta
942 2977 1071 3084 priora
1091 2975 1156 3055 sua
1171 2978 1314 3086 postu·

157 3088 248 3182 lata,
268 3085 474 3168 satisfactio
495 3087 565 3166 fibi
584 3117 624 3167 re
645 3087 731 3196 ipsa
747 3106 865 3196 atque
885 3087 1029 3169 effectu
1048 3087 1178 3168 detur

160 3468 377 3575 Sereniffimo
390 3471 531 3552 Princt
520 3469 1192 3580 piLeopoldoAustriaeArclriduci,
1207 3472 1314 3552 Pro-

219 3581 430 3663 vinciarum
450 3580 488 3662 ιἰι
507 3488 719 3690 Belgiosub
739 3578 927 3691 Philippo
948 3584 1050 3690 Rege
1070 3583 1248 3689 Praeſsdi.

161 3756 352 3947 UTp
326 3758 504 3870 primum
526 3760 574 3840 ad
599 3787 670 3839 nos
697 3786 777 3837 non
802 3758 880 3839 fine
906 3760 1127 3867 graviffimd
1150 3760 1318 3869 querela

295 3872 490 3979 perlatum
516 3872 586 3964 est,
615 3871 762 3979 Janam
783 3870 1081 3979 Puccheringam
1106 3871 1251 3952 illustri
1274 3891 1317 3952 et

158 3981 383 4088 opulentdF
386 3983 520 4063 amrlra
532 3984 706 4092 puellam
720 3981 929 4076 haeredem,
938 4011 1033 4063 cum
1044 3983 1174 4064 adhuc
1187 4012 1314 4094 prop-

159 4109 217 4170 ter
231 4111 384 4172 aetatem
400 4096 468 4174 sub
483 4093 701 4174 Tutoribus
717 4094 823 4188 effet,
838 4093 945 4175 haud
959 4096 1098 4205 procul
1115 4095 1315 4190 cadomo,

160 4203 201 4281 in
232 4232 310 4311 qua
341 4224 427 4283 tum
453 4204 553 4286 forte
580 4205 784 4286 Grenovici
807 4207 961 4311 agebat,
989 4206 1039 4286 de
1063 4208 1248 4288 manibus
1272 4225 1315 4288 et

159 4316 372 4444 complexu
392 4315 631 4396 famularum
652 4336 803 4424 raptam
829 4316 956 4412 fuiffe,
984 4337 1024 4399 et
1045 4338 1182 4427 parato
1202 4321 1252 4400 ad
1272 4319 1332 4398 id·

160 4429 317 4534 navigio
338 4428 378 4506 in
400 4426 620 4507 Flandriam
645 4427 772 4508 subito
794 4426 1055 4537 deportatam,
1079 4431 1225 4512 Walcii
1240 4458 1313 4511 cu-
