2956 4980
196 122 321 255 Cap.
352 164 417 247 17.
507 120 695 221 Plenior
721 122 970 221 Institutio.
1249 168 1320 251 171

222 300 285 381 Et
301 301 559 406 tratfitionum
579 299 740 381 vinculis
752 301 797 407 st
818 301 960 409 longior
985 302 1084 381 inter
1103 331 1164 383 eas
1182 303 1329 410 interfit

156 412 381 521 explicatio,
402 411 619 521 colliganda
635 412 761 520 stant:
792 413 835 494 id
851 444 890 495 n.
912 413 1116 494 auditorem
1134 417 1256 524 reficit
1281 449 1328 498 ac

162 543 332 606 recreat.

224 636 424 717 Tranfitio
455 655 589 717 autem
613 637 675 716 vel
707 635 878 747 perfetta
908 637 964 717 est
987 639 1050 719 vel
1081 639 1325 748 imperfecta.

167 747 365 844 Perfecta,
385 777 472 858 quae
488 750 659 830 breviter
678 752 834 858 etquid
858 752 1011 830 ditium
1031 752 1076 830 fit
1095 770 1134 830 et
1153 753 1248 860 quid
1269 754 1327 832 se-

169 879 329 971 quatur,
343 860 530 942 ostendit:
561 863 688 970 qualis
702 862 769 941 illa
782 861 897 969 hujus
917 863 1009 943 libri
1023 863 1181 943 secundi
1194 866 1324 958 initio;

130 1038 136 1049 .
170 972 294 1055 adhuc
305 974 435 1084 prima
447 975 564 1055 Artis
576 975 730 1083 Logica
742 991 839 1084 pars
844 974 949 1082 suit,
963 979 1038 1056 &o
1091 975 1329 1084 Imperfedta

171 1085 225 1165 est
242 1114 331 1194 quae
347 1086 582 1168 alterutrum
598 1087 789 1167 duntaxat
802 1088 970 1168 ostendit
982 1088 1044 1168 vel
1064 1089 1161 1197 quid
1174 1090 1326 1168 dietum

171 1197 230 1292 fit,
250 1200 316 1279 vel
340 1200 438 1308 quid
464 1199 668 1308 sequatur:
700 1201 827 1307 qualis
854 1200 922 1281 illa
942 1201 969 1280 l.
996 1227 1032 1280 1.
1054 1228 1089 1279 c.
1117 1201 1179 1282 18.
1204 1230 1324 1309 argu-

170 1329 295 1391 menta
299 1312 489 1420 fimplicia
507 1314 564 1391 ita
568 1313 754 1418 fuerunt,
776 1316 852 1393 &c.
949 1378 953 1385 .

226 1425 430 1532 Exemplo
443 1425 488 1503 fit
502 1425 785 1517 Grammatica.
830 1423 962 1529 Hujus
978 1422 1170 1517 definitio,
1184 1444 1228 1504 ut
1241 1454 1328 1534 quae

171 1536 457 1642 generalissima
475 1537 534 1630 fit,
549 1564 599 1615 ex
620 1538 708 1644 lege
728 1534 908 1615 methodi
928 1536 1059 1645 primo
1080 1537 1168 1615 loco
1183 1536 1326 1617 statua-

171 1664 258 1742 tur;
289 1676 350 1730 ars
381 1648 528 1728 scilicet
558 1649 658 1728 bene
691 1649 903 1757 loquendi:
935 1648 1104 1727 secundo
1135 1648 1223 1728 loco
1251 1652 1326 1731 erit

173 1759 454 1841 Grammaticae
482 1761 655 1869 partitio,
676 1761 717 1840 in
745 1762 1029 1869 etymologiam
1057 1780 1096 1841 et
1123 1760 1325 1868 syntaxim

174 1890 260 1951 tum
290 1873 546 1980 etymologia,
579 1901 664 1980 quae
697 1874 744 1952 de
775 1873 936 1954 vocibus
968 1874 1064 1980 agit,
1093 1873 1325 1971 definiatur;

173 1982 264 2064 dein
284 1986 392 2065 vocis
418 2005 546 2094 partes
575 1986 615 2063 in
641 1986 763 2066 literis
789 2006 829 2066 et
855 1985 1022 2093 syllabis,
1043 1984 1265 2096 specidsque
1287 1988 1327 2066 in

172 2096 334 2177 vocibus
360 2099 517 2176 numeri
548 2115 587 2175 et
617 2098 695 2176 fine
723 2126 890 2178 numero
917 2097 1211 2205 subsequantur,
1239 2103 1327 2179 exi·

174 2205 368 2317 tusamque
402 2210 643 2289 tranfitiones
675 2208 749 2291 suis
779 2210 875 2290 locis
905 2210 1172 2289 collocentur:
1210 2233 1326 2319 atque

175 2320 226 2401 ita
243 2324 430 2403 omnium
448 2322 698 2430 etymologias
721 2323 895 2431 partium
915 2320 1177 2415 definitiones
1199 2323 1327 2402 distri·
1362 2356 1369 2365 ·

174 2433 368 2528 butiones,
381 2435 668 2543 colligationes,
681 2434 865 2542 exempla
877 2435 1047 2543 denique
1062 2434 1329 2543 specialisfima

174 2546 211 2625 in
224 2546 385 2655 fingulis
397 2546 666 2656 disponentur:
685 2543 871 2654 idquue
885 2549 925 2625 in
938 2546 1089 2655 syntaxi
1101 2546 1182 2627 fiet.
1209 2550 1327 2628 Hanc

175 2660 278 2738 viam
296 2687 434 2740 omnes
454 2678 553 2739 artes
573 2658 643 2738 fibi
663 2659 960 2768 proposuerunt.

230 2771 422 2850 Moderni
442 2772 604 2879 quidem
624 2772 826 2880 duplicem
847 2768 1083 2849 methodum
1104 2771 1325 2864 instituunt,

164 2880 408 2989 syntheticam
428 2903 466 2961 et
485 2884 737 2992 analyticam:
770 2883 881 2961 illam
905 2882 1074 2962 scientiis
1100 2881 1326 2961 theoreticis

176 2995 382 3088 tradendis,
406 2994 575 3102 Phyficae
594 2993 689 3105 puta
710 2995 772 3075 vel
794 2993 1090 3074 Mathematicae
1115 2996 1240 3101 magis
1261 3023 1326 3073 ac-

176 3109 491 3201 commodatam;
523 3137 600 3216 qua
628 3128 755 3217 partes
783 3106 949 3186 scientiae
974 3108 1027 3186 ita
1054 3107 1324 3217 disponuntur,

176 3237 217 3298 ut
236 3218 258 3299 ὲ
278 3219 448 3325 subjedto
476 3219 820 3329 contemplationis
844 3219 1049 3299 universali
1078 3223 1126 3299 ad
1153 3219 1326 3327 particu-

176 3331 282 3425 laria,
303 3329 326 3411 a
345 3332 587 3441 simplicibus
607 3334 656 3412 ad
683 3333 896 3440 compofita
916 3332 1132 3441 progressus
1153 3332 1243 3410 fiat:
1276 3332 1326 3412 fic

174 3443 335 3552 Physica
356 3445 557 3524 exorditur
572 3443 594 3523 a
608 3446 780 3553 corporis
798 3445 981 3524 naturalis
995 3444 1247 3537 definitione;
1279 3444 1329 3523 ad

173 3556 253 3661 ejus
274 3557 415 3636 deinde
435 3555 564 3636 causas
579 3555 640 3635 vel
661 3577 788 3664 partes
805 3554 1108 3665 effectiondsque
1129 3556 1327 3662 generales

173 3669 221 3747 ad
242 3667 386 3778 species
406 3669 577 3777 denique
605 3669 867 3777 progreditur.
928 3667 1173 3748 Methodum
1194 3668 1327 3776 analy-

173 3781 293 3860 ticam
313 3779 521 3874 definiunt,
542 3809 620 3889 qua
647 3781 700 3859 ita
727 3779 985 3888 disponuntur
1013 3801 1139 3888 partes
1160 3779 1326 3859 seientia

172 3894 351 4001 prasticae
370 3913 414 3973 ut
433 3891 454 3972 a
474 3895 633 3973 notione
654 3892 741 3971 finis
757 3892 824 3972 fiat
844 3892 1061 4002 progressus
1077 3893 1125 3972 ad
1145 3893 1327 3972 notitiam

170 4005 460 4114 principiorum
491 4006 554 4086 vel
586 4005 823 4099 mediorum,
855 4005 903 4084 ad
936 4005 1052 4085 illum
1084 4004 1206 4084 finem
1233 4005 1327 4084 afic-

170 4118 401 4226 quendum:
433 4119 484 4198 fic
504 4118 545 4197 in
566 4115 719 4198 Ethicis
744 4114 766 4195 a
790 4115 881 4210 fine,
903 4116 1049 4197 scilicet
1069 4118 1326 4209 beatitudine,

170 4229 220 4309 ad
247 4231 393 4324 media,
417 4259 562 4341 nempe
580 4232 745 4310 virtutes
772 4229 1020 4338 proceditur:
1054 4227 1207 4309 Verbm
1233 4225 1328 4308 ciam

171 4340 246 4422 hac
260 4363 423 4452 utraque
437 4343 646 4424 methodus
660 4372 735 4424 una
747 4340 964 4451 eademque
977 4340 1329 4433 viaisdefinitione
