2956 4980
106 260 224 394 Cap.
244 303 284 384 3.
431 261 620 363 Plenior
645 264 893 365 Institutio
1178 310 1219 364 ιι

100 674 229 754 CAP.
248 676 325 755 III.
357 675 886 786 DeEfficiente,Procreante,
899 697 936 759 et
949 677 1213 786 Constrvante.

91 884 98 897 ’
160 882 209 980 ’],
279 864 386 971 Arcsa
405 864 468 973 ss,
488 862 595 972 cujus
611 865 658 947 vi
671 895 732 945 res
750 865 810 973 cst.
867 866 961 961 Vel,
986 867 1014 945 fi
1035 894 1085 946 ex
1102 869 1231 978 capite

95 1032 100 1045 ·
148 960 184 1089 ἶ
243 1018 264 1054 a
306 977 517 1087 superiore,
533 979 642 1086 quod
670 978 842 1085 intelligi
869 976 1140 1087 memoriaque
1171 1000 1231 1060 te·

91 1188 95 1199 ,
132 1087 134 1100 ’
306 1090 390 1168 neri
410 1089 550 1199 potest,
568 1091 735 1200 repetito
754 1090 810 1170 est
829 1118 942 1199 opus,
963 1091 1075 1172 causa
1095 1092 1151 1172 est
1168 1121 1232 1172 ar-

305 1221 543 1309 gumentum
572 1201 788 1296 artificiale,
818 1203 1012 1312 primum,
1047 1204 1229 1315 fimplex,

74 1313 249 1395 absolute
277 1313 595 1408 consentaneum,
622 1313 733 1420 cujus
754 1314 810 1408 vi,
833 1314 897 1393 vel
926 1313 1126 1412 facultate,
1155 1345 1230 1411 res,

75 1427 102 1506 i.
124 1455 161 1505 e.
178 1425 382 1521 effectum,
402 1429 580 1534 arguitur
599 1426 673 1506 effe
693 1425 757 1505 vel
777 1426 956 1506 existere.
1016 1429 1059 1507 N
1062 1454 1107 1506 cc
1126 1429 1230 1507 male

73 1538 285 1618 definiatur
303 1539 414 1619 causa
434 1555 518 1650 quae
536 1538 608 1619 dat-
621 1539 686 1650 affe
706 1536 775 1618 rei.

134 1650 255 1757 Cujus
274 1670 407 1732 autem
426 1653 467 1731 vi
486 1652 549 1729 vel
569 1650 769 1745 facultate,
791 1651 819 1730 i.
841 1679 876 1729 e.
898 1645 921 1728 a
940 1676 1035 1757 quo,
1063 1678 1114 1730 ex
1132 1680 1230 1761 quo,

72 1790 146 1870 per
163 1764 285 1873 quod,
302 1766 364 1843 vel
384 1780 545 1874 propter
559 1764 667 1871 quod
686 1791 745 1843 res
763 1762 834 1856 est,
855 1762 897 1842 id
915 1761 1027 1842 causa
1042 1763 1116 1843 esse
1133 1765 1230 1845 dici-

75 1896 155 1954 tur.
213 1877 291 1955 Res
318 1878 455 1971 etiam,
487 1875 595 1955 idem
623 1875 732 1984 quod
759 1872 905 1984 aliquid
928 1876 968 1953 in
999 1873 1228 1957 definitione

72 1990 313 2095 argumenti,
333 2016 412 2068 vox
431 1988 622 2096 generalis
642 1985 866 2080 adhibetur,
890 2014 975 2095 quae
994 1987 1229 2093 fignificaret

72 2099 244 2193 causam,
268 2101 365 2180 ficut
382 2120 422 2181 et
441 2099 591 2208 reliqua
610 2118 856 2207 argumenta,
885 2097 959 2178 effe
986 2126 1119 2179 rerum
1137 2129 1226 2181 om-

72 2212 190 2290 nium
208 2240 294 2319 quae
312 2213 376 2292 vel
394 2212 495 2307 sunt,
515 2211 579 2291 vel
598 2210 826 2319 finguntur:
856 2238 951 2290 nam
978 2238 1064 2318 quae
1094 2240 1228 2293 revera

72 2323 162 2402 sunt
180 2351 312 2417 veras;
338 2354 423 2433 quae
441 2323 659 2432 finguntur,
678 2323 786 2403 fictas
805 2322 935 2403 causas
954 2320 1112 2406 habent.

132 2436 244 2516 Hinc
264 2437 497 2544 intelligitur
516 2436 663 2542 causam
677 2435 763 2542 stne
791 2465 865 2546 qua
888 2463 972 2528 non,
1003 2462 1088 2542 quae
1105 2434 1227 2544 vulgi)

72 2546 233 2641 dicitur,
263 2547 480 2658 improprie
509 2547 678 2641 causam,
717 2567 757 2629 et
785 2547 891 2654 quafi
921 2545 1099 2640 fortuito,
1132 2549 1226 2644 dici,

73 2677 119 2738 ut
137 2655 232 2738 ciun
252 2661 402 2741 amiffio
433 2659 490 2740 rei
520 2661 684 2766 alicujus
714 2660 857 2740 dicitur
879 2659 992 2739 causa
1018 2687 1225 2769 recupera-

72 2771 218 2866 tionis3
245 2773 424 2881 quamvis
461 2773 611 2851 amiffio
641 2771 979 2881 recuperationem
1018 2772 1226 2854 necessario

70 2886 274 2989 praecedat.
334 2886 481 2992 Neque
501 2885 609 2963 enim
628 2885 740 2963 caula
760 2884 810 2962 fic
835 2883 1004 2991 intelligi
1027 2884 1159 2977 debet,
1185 2885 1227 2965 id
1335 2943 1342 2951 ·

71 2996 181 3103 quod
204 3015 245 3076 et
265 2996 394 3077 Cicero
424 2997 572 3090 docuit,
602 2997 630 3075 l.
656 2997 704 3075 de
726 2999 839 3089 Fat0,
872 3014 917 3074 ut
943 2993 1051 3102 quod
1081 2996 1225 3102 cuique

71 3109 290 3202 antecedat,
310 3108 352 3188 id
370 3109 408 3188 ei
426 3108 538 3189 causa
557 3109 616 3203 fit,
637 3109 701 3188 sed
721 3108 828 3216 quod
847 3108 991 3214 cuique
1012 3104 1227 3188 efficienter

70 3221 291 3316 antecedat3
314 3221 342 3298 i.
358 3249 393 3300 e.
410 3223 463 3301 ita
484 3239 528 3299 ut
548 3249 607 3300 res
618 3222 660 3301 vi
678 3221 760 3327 ejus
776 3219 929 3299 existat.
986 3219 1097 3297 Hinc
1114 3220 1226 3300 causa

68 3331 230 3439 proprie
249 3333 367 3427 dieta,
380 3332 610 3441 principium
625 3361 784 3442 quoque
800 3332 1028 3412 nominatur
1047 3327 1069 3409 ὲ
1086 3332 1167 3414 Cic.
1187 3360 1224 3414 1.

67 3442 118 3521 de
134 3443 232 3523 Nat.
246 3447 379 3540 deor.;
402 3445 465 3524 sed
484 3441 727 3551 frequentius
745 3444 850 3553 apud
872 3445 1043 3526 Graecos.

131 3555 257 3635 Causa
275 3575 408 3637 autem
429 3558 485 3636 est
499 3557 608 3663 cujus
623 3559 664 3637 vi
684 3585 743 3636 res
763 3551 1224 3649 nonsolirmest,veri1m

69 3666 193 3746 etiam
219 3667 310 3761 fuit,
335 3670 398 3748 vel
422 3671 509 3749 erit.
550 3672 631 3773 ,Ut
658 3671 766 3749 enim
790 3688 981 3778 praecepta
998 3668 1147 3775 Logica
1174 3670 1222 3748 de

69 3780 182 3857 omni
203 3808 259 3872 re,
280 3781 330 3860 fic
350 3782 533 3861 omnium
550 3801 741 3890 praecepta
760 3782 905 3861 artium
925 3782 974 3860 de
993 3781 1104 3859 omni
1124 3800 1224 3860 tem-

68 3918 165 3999 pore
185 3892 438 4001 iutelligenda
458 3893 569 3988 sunt;
592 3894 695 3973 unde
715 3913 754 3973 et
769 3913 909 3974 aeterna
928 3891 1016 3986 effe,
1036 3894 1224 3973 veritatis·

68 4031 149 4111 que
168 4023 317 4084 aeternae
336 4006 533 4085 dicuntur.

128 4117 192 4194 Ex
205 4116 431 4197 definitione
444 4136 577 4196 autem
590 4116 708 4195 causae
725 4117 886 4195 tertium
905 4115 1004 4194 illud
1019 4117 1112 4197 artis
1126 4147 1223 4227 prae-

68 4246 248 4335 ceptum,
263 4229 310 4307 de
331 4257 411 4336 quo
432 4230 471 4307 in
493 4227 716 4338 praefatione
736 4229 927 4321 diximus,
940 4229 1221 4310 consectarium

67 4334 146 4418 hoc
161 4341 312 4420 oritur:
334 4341 481 4448 primus
499 4341 558 4421 hic
576 4343 675 4421 locus
694 4339 926 4433 inventionis,
932 4340 1027 4447 sons
1045 4341 1094 4449 cst
1111 4344 1223 4423 omnis

52 4451 249 4556 scientiae,·
255 4449 426 4562 scirique
444 4452 583 4533 demum
599 4452 767 4534 creditur
782 4450 888 4558 cujus
904 4451 1015 4557 causa
1034 4469 1220 4536 teneatur.
