2956 4980
567 217 695 313 Artis
720 215 905 347 Logicae
1102 206 1212 305 Lib.
1237 248 1273 303 r.

276 548 401 628 CAP.
426 550 584 629 XXVI.
618 551 681 630 De
701 547 971 660 Dssribntione
989 576 1037 628 ex
1056 547 1202 654 Caoosts.

182 726 217 784 .·'
231 726 345 815 *gu
362 708 551 819 Istribntio
576 711 704 820 primo
727 711 776 820 est
800 740 846 790 ex
871 708 1032 817 absolut>
1056 706 1308 814 corfintaneis,

180 827 182 830 ’
215 873 234 905 o
261 778 351 1034 ff
389 823 507 928 constr
521 841 645 932 nempe
663 841 700 903 et
719 821 870 934 offitiis.
915 819 1141 929 Distributio
1159 850 1207 900 ex
1225 849 1309 900 con-

180 1001 189 1026 ,
240 1013 274 1046 Η
327 933 347 1040 ζ
374 936 433 1041 ſss
452 935 515 1043 est,
529 934 671 1044 quondo
684 933 920 1045 portesstent
938 932 1059 1039 coresae
1077 933 1205 1015 totins.

271 1003 341 1086 Δ
446 1049 526 1128 Hie
540 1046 745 1157 dssribntio
760 1045 901 1154 integri
912 1045 950 1126 in
949 1045 1029 1152 sna
1039 1044 1205 1125 membra
1209 1062 1311 1154 prn-

161 1158 267 1269 cipm
285 1157 479 1240 laudatur.

219 1274 415 1380 Integrum
434 1271 483 1379 est
501 1288 633 1365 totum,
653 1270 719 1351 eui
727 1288 860 1379 portes
870 1268 969 1376 stent
986 1268 1198 1380 effentioles.
1229 1269 1257 1349 i.
1277 1297 1309 1349 e.

162 1385 269 1493 quod
295 1383 540 1491 expertibus
562 1401 684 1463 totam
706 1382 814 1462 suam
833 1381 1033 1463 essentiam
1047 1381 1313 1491 compleoten-

164 1497 268 1577 tibus
292 1496 565 1589 constituitur3
597 1492 763 1602 idedque
785 1494 1006 1603 symbolum
1029 1494 1086 1575 est
1108 1493 1243 1573 effecti
1266 1520 1312 1574 er

163 1610 326 1689 materia
346 1637 417 1717 per
436 1606 609 1687 formam
628 1607 850 1687 existentes.

221 1719 433 1800 Membrum
453 1719 501 1827 est
513 1737 611 1828 porr
629 1719 781 1826 integri.

214 1832 426 1912 Nimirum
442 1832 597 1937 integro
616 1831 685 1911 suo
705 1830 924 1911 essentialis.
982 1829 1071 1910 Sive
1087 1850 1133 1911 ut
1151 1831 1309 1941 Arssot.

165 1943 272 2025 Phil.
291 1943 329 2023 8.
353 1968 417 2050 15.
453 1943 630 2023 Membro
641 1943 740 2050 stent
758 1972 804 2024 ex
822 1942 953 2053 quibus
970 1941 1159 2050 integrum
1178 1961 1313 2053 compo·

163 2056 283 2135 nitur.
344 2057 398 2134 Et
417 2053 597 2135 membra
615 2055 781 2165 quidem
807 2054 980 2164 symbola
1005 2054 1092 2134 sunt
1110 2055 1313 2136 causarum

163 2166 438 2260 essentialium,
459 2169 629 2247 materiae
647 2168 837 2247 nimirum
860 2187 900 2247 et
926 2165 1077 2262 sormae,
1101 2167 1144 2246 in
1172 2167 1313 2276 quibus

163 2299 245 2360 tota
275 2281 420 2388 integri
451 2279 609 2360 effentia
639 2279 834 2376 confistit;
876 2279 1027 2388 fingula
1057 2307 1097 2359 n.
1132 2280 1313 2361 membra

163 2393 371 2471 materiam
400 2393 625 2488 continent;
668 2396 808 2473 cunita
839 2392 967 2486 srmul,
1000 2390 1125 2500 ipsam
1154 2421 1314 2502 quoque

164 2502 350 2583 formam.
395 2506 458 2583 Sic
475 2505 733 2585 Grammatico
747 2505 786 2584 in
803 2503 1047 2613 etymologiam
1065 2522 1103 2583 et
1107 2501 1312 2613 syntaxin:

165 2616 368 2695 Rhetorica
384 2616 422 2694 in
441 2615 670 2695 elocutionem
689 2635 726 2696 et
744 2617 939 2708 notionem
970 2615 1115 2722 Logica
1128 2616 1168 2697 in
1184 2617 1314 2697 inven-

162 2726 293 2807 tionem
312 2745 349 2807 et
367 2726 619 2837 dstoſstionem
630 2748 930 2835 argumentorum
941 2726 1140 2808 diuiditur.
1183 2727 1252 2808 Ab
1263 2729 1316 2808 nis

163 2868 202 2919 n.
221 2838 369 2949 partib.
398 2857 502 2919 ortes
524 2840 601 2920 illae
624 2843 895 2951 constituuntur
907 2871 922 2932 ;
940 2853 1031 2919 'non
1055 2859 1247 2948 tanquam
1266 2868 1314 2920 ex

164 2952 298 3046 caufis,
329 2952 392 3031 sed
421 2972 607 3059 tanquam
639 2982 689 3032 ex
715 2954 919 3033 causarum
948 2950 1145 3060 symbolis,
1205 2948 1315 3033 Cirm

165 3067 273 3145 enim
288 3064 445 3144 essentia
461 3064 688 3145 Dialeoicae
699 3067 844 3175 partim
857 3066 1079 3144 communis
1095 3063 1140 3144 fit
1152 3067 1317 3144 materia

164 3176 326 3269 scilicet,
348 3178 373 3257 i.
391 3204 427 3255 e.
450 3195 656 3286 precepta,
683 3197 723 3257 et
742 3178 869 3257 forma
889 3179 1024 3271 etiam,
1046 3204 1205 3285 nempe,
1230 3204 1316 3257 me·

166 3286 324 3367 thodica
341 3287 500 3366 illorum
516 3307 799 3398 praeceptorum
814 3288 1034 3397 dispofitio;
1065 3289 1211 3397 partim
1223 3318 1316 3399 pro-

167 3401 267 3508 pria,
299 3425 385 3506 quae
415 3400 457 3477 in
488 3398 588 3478 bene
619 3401 836 3481 differendo
867 3401 989 3510 posrta
1018 3400 1088 3494 est,
1123 3419 1205 3481 tota
1236 3400 1317 3483 haec

166 3512 394 3591 Dialeeticae
406 3511 562 3590 essentia
582 3513 622 3591 in
638 3515 862 3593 inventione
883 3532 922 3592 et
941 3512 1188 3621 dispostione
1204 3541 1320 3595 com·

167 3621 438 3732 prehenditur.
485 3624 575 3703 Nec
596 3643 728 3704 tamen
747 3646 874 3734 partes
895 3624 972 3704 istae
991 3625 1080 3705 sunt
1090 3624 1172 3734 ipsa
1190 3644 1320 3706 mate-

167 3736 238 3829 ria,
265 3737 292 3814 i.
312 3765 348 3814 e.
375 3755 581 3844 praecepta,
611 3764 683 3816 nec
709 3738 789 3846 ipsa
810 3736 936 3817 forma
962 3738 1202 3831 communis,
1230 3740 1259 3818 i.
1280 3766 1317 3818 e.

167 3846 394 3927 methodica
416 3849 929 3958 praeceptorumdisposrtio,
951 3878 1024 3929 nec
1044 3851 1218 3961 propria,
1241 3851 1269 3929 i.
1282 3878 1319 3929 e.

169 3959 250 4067 ipsa
265 3959 447 4039 facultate
462 3959 689 4057 disserendi;
721 3961 784 4041 sed
805 3990 855 4040 ex
872 3963 1073 4072 praeceptis
1092 3960 1320 4043 methodici

168 4071 357 4180 disposrtis
377 4071 552 4151 conflatae
571 4070 673 4165 sunt,
693 4073 832 4182 etipsa
851 4071 1015 4154 facultas
1034 4072 1244 4157 disserendi
1262 4075 1321 4154 in·

170 4184 364 4264 ventionis
384 4202 425 4262 et
443 4182 702 4291 dispositionis
722 4184 865 4265 finibus
885 4188 1122 4267 continetur.

229 4301 331 4406 Qae
351 4294 565 4403 sequuntur
590 4297 694 4405 apud
714 4295 922 4378 authorem
942 4299 1117 4379 nostrum
1138 4299 1323 4408 exempla

171 4411 265 4502 du0,
286 4408 455 4488 alterum
479 4434 530 4485 ex
553 4407 724 4515 Virgilio,
749 4413 884 4518 Georg.
912 4438 947 4491 1.
975 4411 1162 4493 Alterum
1186 4440 1238 4493 ex
1258 4410 1323 4493 Ci-
