2956 4980
526 212 650 306 Petri
677 212 818 307 Rami
844 215 968 307 Vita.
1109 160 1112 165 Ι
1247 225 1321 333 183

114 430 116 439 ·
179 378 287 461 miras
305 383 597 493 interpellavit;
627 387 799 493 acceptis
819 387 941 491 igitur
959 382 982 463 a
1001 410 1092 491 rege
1113 384 1250 480 literis,
1278 387 1326 465 ad

181 492 321 598 regiam
331 493 628 603 Fontrsteloquei
635 496 919 576 bibliothecam
934 494 1147 605 profestus,
1159 495 1325 577 Mathe-

183 605 333 685 urticas
351 606 618 715 praelectiones
641 607 692 687 ab
711 609 826 687 initio
846 607 1000 717 plenius
1019 629 1059 685 et
1079 607 1237 687 uberius
1263 636 1325 687 re-

181 718 361 796 uastauit.
432 719 546 797 Tum
572 718 615 797 in
654 719 808 799 Italiam
840 717 1052 826 cogitabat,
1082 744 1163 825 quo
1194 717 1324 827 ipsum

177 825 336 909 Bononia
347 826 564 910 honorifici
577 830 775 925 invitarat3
789 830 853 909 vel
864 830 1000 910 saltem
1012 829 1053 907 in
1063 829 1321 909 Germaniam:

172 935 232 1017 sed
242 940 318 1020 viis
329 939 515 1021 omnibus
528 958 652 1022 terror
663 942 801 1022 mortis
813 943 1040 1033 intentatus,
1055 968 1191 1020 rumor
1202 942 1324 1021 etiam

121 1090 124 1097 ·
170 1049 317 1131 Praeler'
332 1051 390 1131 sui
408 1051 582 1160 indignis
601 1055 731 1133 modis
750 1053 894 1162 direpti
908 1080 953 1131 ac
972 1050 1220 1132 bibliotheca
1233 1051 1322 1161 spo-

114 1240 117 1271 !
138 1210 143 1217 -
168 1158 283 1254 liarae,
303 1162 354 1242 ad
373 1163 524 1270 regiam
545 1164 817 1245 Vincennarum
837 1165 1018 1274 proprius
1043 1164 1184 1243 urbem
1208 1191 1321 1243 revo-

114 1278 116 1303 '
164 1291 321 1352 carunt.
380 1273 457 1353 Sed
476 1294 517 1354 et
535 1275 611 1355 alia
628 1277 687 1356 vis
710 1277 830 1356 etiam
855 1276 1010 1382 gravius
1034 1275 1212 1381 urgebat,
1235 1273 1320 1355 ute

167 1382 368 1466 Vrircennt’s
380 1413 451 1494 per
462 1388 568 1466 invia
583 1387 724 1467 itinera
736 1385 1047 1497 profugiendum
1061 1385 1167 1478 ellat,
1177 1404 1217 1464 et
1232 1384 1320 1464 sub-

163 1492 259 1575 inde
280 1497 398 1576 variis
415 1498 457 1576 in
476 1498 573 1578 locis
589 1497 920 1579 delitescendum:
947 1498 986 1575 in
1011 1495 1106 1603 fuga
1126 1515 1259 1576 tamen
1279 1516 1319 1577 et

164 1605 327 1688 latebris
351 1608 482 1688 otium
506 1607 754 1719 hospitiisque
778 1608 835 1690 sui
858 1608 1125 1718 cupidiffimos
1150 1609 1316 1715 reperit;

162 1717 207 1796 in
224 1714 354 1826 edque
369 1721 452 1801 otio
472 1718 632 1802 Scholas
649 1720 831 1829 Phyficas
850 1720 1088 1829 conscripfit,
1108 1720 1171 1799 vel
1188 1720 1319 1827 potius

162 1827 381 1910 inchoavit.
440 1834 687 1942 Erumpente
706 1831 834 1913 rursus
859 1832 965 1911 bello
984 1833 1106 1924 civili,
1131 1832 1173 1910 in
1195 1832 1318 1939 Opti-

162 1959 321 2022 matum
337 1941 461 2023 castra
480 1943 681 2052 profugit:
711 1973 759 2024 eo
783 1942 956 2024 tumultu
977 1943 1064 2052 post
1083 1941 1148 2022 sex
1169 1941 1317 2022 menses

163 2050 312 2146 sedato,
339 2054 526 2149 reversus,
557 2057 658 2136 nihil
687 2057 729 2134 in
756 2053 997 2135 bibliotheca
1024 2074 1160 2162 praeter
1189 2055 1320 2133 inania·

162 2165 314 2273 reperit
346 2164 508 2260 scrinia3
549 2166 848 2247 mathematicas
881 2163 1037 2246 tantlrm
1070 2184 1317 2246 commenta-

162 2277 290 2357 tiones
311 2275 495 2382 Rcsnerus
516 2277 603 2385 (qui
623 2277 783 2382 Parilis
801 2277 1029 2387 permanfit)
1053 2276 1316 2384 direptoribus

160 2384 427 2468 commodbm
447 2390 606 2497 eripuit.
648 2390 908 2499 Impendente
921 2389 1007 2493 jam
1027 2388 1188 2468 tertium
1207 2386 1316 2466 civili

161 2496 284 2593 bello,
311 2499 538 2608 impetravit
556 2498 579 2580 b
599 2527 690 2608 rege
711 2502 845 2581 Carolo
864 2501 912 2580 ad
931 2498 1145 2579 invisendas
1165 2517 1316 2578 exteras

160 2609 400 2691 Academias
431 2638 602 2692 annuam
631 2612 910 2704 dimillionem,
942 2612 1049 2719 quafi
1075 2611 1315 2719 legationem

161 2719 343 2802 liberam.
403 2723 451 2801 In
480 2725 669 2803 extremis
701 2724 813 2829 regni
842 2722 998 2816 finibus,
1033 2723 1101 2801 vix
1136 2723 1313 2800 militum

162 2832 414 2939 quorundam
428 2860 582 2927 manus,
596 2835 666 2913 nisi
684 2834 834 2942 prolato
851 2836 890 2913 in
907 2833 1087 2914 medium
1098 2834 1314 2940 diplomate

160 2943 286 3049 regio,
300 2942 508 3053 effugiffet.
553 2947 638 3025 Ter
652 2945 842 3038 dimiffus,
858 2965 916 3025 ter
935 2945 1137 3052 repetitus,
1154 2943 1312 3021 tandem

158 3054 369 3135 velocitate
384 3055 538 3136 summa
553 3085 601 3136 eo
617 3058 809 3166 pervenit,
826 3057 894 3135 ubi
912 3055 1053 3134 ficariis
1072 3053 1229 3132 licentia
1243 3080 1313 3131 ne-

118 3251 121 3256 ,
159 3191 363 3275 quaquam
387 3187 533 3276 pareat.
588 3168 791 3247 Adventus
814 3166 896 3272 ejus
921 3167 962 3244 in
985 3164 1222 3245 Germaniam
1240 3163 1313 3243 bo·

160 3302 307 3358 norum
322 3305 367 3358 ac
385 3279 594 3359 doctorum
606 3280 788 3357 omnium
809 3278 991 3385 fingulari
1010 3276 1254 3357 humanitate
1274 3293 1314 3354 et

158 3389 421 3493 gratulatione
441 3410 629 3499 exceptus
648 3391 716 3470 cst.
751 3389 1009 3497 Argentoratr'
1017 3388 1311 3496 JoannerStur-

157 3497 267 3594 mirer,
284 3500 366 3606 ejus
379 3502 604 3583 Academiae
615 3499 756 3581 author
769 3501 882 3580 fimul
897 3520 938 3580 et
949 3504 1089 3594 rector,
1104 3525 1311 3609 peraman-

158 3627 219 3688 ter
232 3639 328 3692 eum
342 3613 493 3722 accepit
506 3614 647 3694 deinde
660 3612 877 3693 Academia
892 3631 974 3691 tota
990 3611 1179 3716 adjunctis
1191 3611 1312 3689 etiam

159 3722 396 3828 quibusdam
425 3725 473 3805 ad
499 3725 735 3834 ampliorem
765 3724 1069 3832 gratulationem
1098 3721 1312 3802 comitibus

159 3851 201 3911 et
218 3832 443 3930 baronibus,
469 3835 733 3917 liberaliffimb
754 3836 955 3917 tractavit:
987 3862 1067 3942 quo
1091 3835 1170 3926 die,
1197 3833 1310 3914 deni·

159 3970 253 4051 que,
275 3947 519 4028 nobiliffrmae
538 3949 684 4058 nuptiae
703 3950 744 4026 in
765 3977 812 4027 eo
831 3948 920 4027 loco
939 3945 1248 4038 celebrabantur,
1269 3946 1310 4024 in

156 4075 392 4163 prytaneum
412 4058 587 4140 summus
613 4060 719 4141 urbis
743 4059 1005 4166 magistratus,
1030 4057 1195 4166 publicae
1221 4083 1311 4164 gra·

158 4166 361 4249 tulationis
380 4173 505 4278 gratia
524 4199 618 4252 cum
639 4171 801 4251 Sturmio
821 4198 915 4250 eum
934 4169 1114 4248 adduxit.
1146 4170 1312 4248 Bernam

156 4281 398 4385 praeteriens,
429 4281 581 4363 tantiam
612 4283 725 4376 vidit,
758 4310 829 4362 nec
859 4301 990 4361 tamen
1021 4281 1098 4360 fine
1130 4278 1312 4359 Consulis

156 4391 312 4498 Stegeri
337 4391 554 4475 honorifica
575 4394 821 4487 liberalitate,
849 4412 966 4501 atque
988 4390 1153 4482 Halleri,
1181 4389 1316 4470 Aretir'
