2956 4980
157 232 185 310 4
189 208 239 314 5⁶
449 182 742 284 Prolusrones
766 187 1008 284 Oratoriae.

158 367 229 458 est,
258 382 432 443 moratus
464 362 574 441 surn:
607 388 711 441 nunc
741 363 869 469 Leges
894 363 1154 443 Academicos
1188 359 1314 441 veluti

160 476 313 557 Romuli
342 502 476 554 muros
512 473 727 553 transiliens
761 469 783 551 i
817 473 970 554 Latinis
1003 475 1052 554 ad
1086 473 1314 580 Anglicana

159 587 389 668 transcurro.
448 588 530 665 Vos
557 585 701 692 quibus
729 584 829 664 istaec
853 585 1038 682 arrident,
1058 614 1173 668 aures
1194 606 1314 694 atque

161 701 312 781 animos
333 725 436 778 nunc
457 695 559 777 mihi
579 716 745 778 attentos
765 697 868 777 date.

369 1041 425 1133 In
451 1037 656 1132 Sacrario
682 1033 839 1134 habita
862 1069 948 1170 pro
973 1043 1090 1132 Arte

612 1260 857 1377 orinrro.

229 1521 420 1600 Beatiores
438 1519 559 1600 reddit
579 1519 753 1601 Homines
772 1523 856 1600 Ars
873 1550 982 1631 quam
1001 1522 1241 1630 Ignorantia.

265 1710 417 1788 Ametsr
438 1705 554 1802 mihi,
576 1708 802 1801 Auditores‚
824 1706 925 1787 nihil
944 1709 1069 1815 magis
1086 1707 1315 1814 jucundum

294 1823 339 1900 fit
358 1843 475 1928 atque
496 1820 668 1928 optabile
689 1819 843 1928 aspestu
862 1820 987 1899 vestro
1007 1821 1232 1928 affidudque
1253 1842 1314 1899 to·

162 1950 346 2038 gatorum
366 1930 577 2011 hominum
598 1931 831 2039 frequentiis,
857 1929 933 2012 hoc
953 1933 1074 2012 etiam
1092 1930 1317 2012 honorifico

162 2043 316 2122 dicendi
338 2071 515 2136 munere,
537 2072 616 2150 quo
636 2071 710 2151 ego
730 2046 815 2124 vice
834 2045 912 2124 und
931 2063 1048 2151 atque
1067 2045 1187 2123 alteri
1207 2046 1314 2152 apud

161 2182 229 2234 vos
243 2183 320 2234 non
335 2155 485 2262 ingrati
498 2156 617 2262 operi
629 2154 856 2264 perfunstus
872 2154 976 2250 sum;
999 2174 1146 2248 tamen,
1160 2156 1188 2234 fi
1204 2157 1316 2263 quod

162 2295 221 2346 res
247 2268 301 2347 est
324 2265 438 2347 fateri
464 2266 596 2361 liceat,
629 2267 781 2376 semper
797 2268 858 2356 ‚ita
881 2266 939 2361 fit,
971 2286 1029 2362 ut,
1060 2295 1155 2347 cum
1181 2295 1313 2375 neque

161 2407 299 2458 meum
320 2380 542 2486 ingenium,
570 2407 642 2459 nec
667 2379 885 2458 studiorum
910 2379 1009 2459 ratio
1032 2379 1081 2458 ab
1108 2377 1187 2458 hoc
1210 2382 1316 2458 Ora·

163 2492 263 2569 torio
279 2519 421 2597 genere
438 2490 613 2570 multum
629 2488 850 2583 abhorreat,
864 2517 940 2597 ego
952 2491 1019 2569 vix
1034 2518 1212 2599 unquam
1227 2491 1318 2571 mee

162 2604 375 2693 voluntate,
405 2621 473 2681 aut
503 2601 638 2710 sponte
663 2603 710 2682 ad
735 2603 947 2682 dicendum
967 2604 1178 2696 accedam3
1210 2601 1315 2681 mihi

163 2712 339 2792 fifuiffet
359 2715 573 2821 integrum,
603 2715 665 2793 vel
693 2712 788 2793 huic
812 2713 1030 2823 vespertino
1056 2714 1180 2793 labori
1208 2712 1315 2794 haud

163 2824 359 2904 illibenter
379 2826 565 2934 equidem
585 2825 803 2934 parfiffem:
836 2854 927 2905 nam
953 2827 1142 2932 quoniam
1167 2854 1219 2906 ex
1240 2828 1314 2904 Li-

162 2937 240 3016 bris
263 2958 300 3016 et
314 2938 522 3016 Sententiis
539 2939 848 3017 doctiffimorum
870 2937 1081 3019 hominum
1098 2938 1148 3016 fic
1161 2940 1315 3047 accepi,

164 3047 265 3128 nihil
285 3049 462 3155 vulgare,
496 3070 562 3127 aut
590 3051 858 3129 mediocrem
880 3053 1064 3143 Oratore,
1094 3069 1137 3129 ut
1170 3078 1245 3130 nec
1275 3051 1317 3127 in

163 3162 284 3240 Poeta
307 3161 411 3268 poffe
439 3161 615 3255 concedi,
644 3189 817 3269 eumque
848 3183 1045 3290 oportere,
1075 3190 1145 3269 qur
1133 3163 1317 3241 Orator

164 3273 239 3352 elie
260 3271 404 3352 meriti)
421 3292 460 3350 et
480 3270 616 3352 haberi
635 3274 745 3367 velit,
766 3277 948 3353 omnium
968 3273 1145 3366 Artium,
1158 3254 1319 3354 omries-

164 3414 241 3492 que
259 3386 435 3463 Scientiae
450 3385 632 3464 circulari
651 3386 823 3493 quodam
840 3385 1004 3465 subfidio
1020 3385 1253 3465 instrudhum
1274 3405 1317 3466 et

164 3496 482 3575 consummatum
509 3496 606 3591 elle3
639 3498 678 3575 id
703 3498 859 3604 quando
886 3525 974 3576 mea
1000 3518 1088 3576 aetas
1114 3526 1191 3577 non
1220 3497 1315 3591 fert,

165 3608 288 3686 malui
302 3608 385 3711 jam
408 3609 515 3714 prius
531 3636 575 3686 ea
596 3607 697 3686 mihi
717 3609 879 3687 subsidia
897 3611 1175 3717 comparando,
1193 3609 1317 3716 longo

166 3740 205 3800 et
225 3720 304 3798 acri
324 3718 451 3796 studio
471 3719 581 3797 illam
603 3720 758 3798 laudem
774 3750 907 3800 veram
928 3722 1177 3814 contendere,
1193 3718 1318 3829 quim

165 3851 374 3942 properato
394 3850 434 3910 et
461 3831 625 3941 praecoci
653 3832 749 3939 stylo
775 3831 910 3912 falsam
939 3835 1157 3942 praeripere.
1221 3835 1319 3943 Qit

167 3946 289 4025 animi
309 3945 545 4049 cogitatione
562 3963 602 4024 et
620 3944 780 4023 consilio
799 3946 896 4024 dum
916 3944 1032 4024 aestuo
1050 3965 1153 4025 totus
1173 3944 1316 4038 indies,

167 4077 207 4137 et
225 4055 430 4148 accendor,
451 4056 607 4136 nullum
631 4084 807 4164 unquam
837 4056 928 4136 sensr
958 4059 1113 4163 gravius
1144 4057 1318 4164 impedi-

167 4187 349 4250 mentum
383 4188 421 4246 et
453 4196 621 4260 moram,
654 4166 730 4247 hoc
761 4168 958 4274 frequenti
993 4168 1319 4278 interpellationis

169 4284 311 4361 damno
325 4309 336 4376 ;
358 4278 458 4358 nihil
474 4309 566 4359 vero
587 4282 711 4387 magis
727 4280 856 4360 aluiffe
875 4284 1096 4389 ingenium,
1112 4300 1165 4376 et,
1182 4301 1320 4361 contra
