2956 4980
463 214 678 350 Epistola
706 213 987 315 Familiares.
1228 194 1305 338 377

156 392 271 472 illam
286 411 323 472 te
336 392 548 474 allaturum
562 392 636 472 effe
645 392 731 499 jam
744 393 878 472 animo
893 390 1177 502 praesenseram,
1190 392 1310 499 idque

157 508 278 598 reae,
308 506 522 613 nostraque
557 504 827 584 neceffitudini
854 505 1143 584 convenienter.
1214 504 1312 584 Non

157 617 328 696 enimin
349 617 616 725 Epistolarum
636 645 681 696 ac
702 615 988 696 Salutationum
1011 617 1222 697 momentis
1240 644 1309 695 ve-

159 757 244 808 ram
265 731 366 808 verti
384 730 601 809 amicitiam
621 728 726 822 volo,
749 729 987 835 quaomnia
1007 727 1095 807 ficta
1118 727 1192 808 elle
1219 728 1309 839 pos-

159 840 272 934 sunt;
313 840 378 920 sed
417 840 503 920 altis
542 841 666 920 animi
704 840 899 920 radicibus
936 841 1010 919 niti
1048 841 1233 947 utrinque
1271 861 1311 922 et

159 951 347 1033 sustinere
359 952 414 1046 se;
429 971 679 1062 coeptamque
692 953 861 1046 finceris,
874 971 914 1032 et
927 952 1064 1033 sanetis
1080 953 1308 1046 rationibus,

159 1065 311 1144 etiamst
343 1083 482 1144 mutua
514 1065 699 1145 cessarent
721 1065 866 1158 officia,
895 1092 1150 1174 peromnem
1178 1085 1310 1146 tamen

159 1177 284 1256 vitam
296 1176 510 1285 suspicione
527 1196 567 1256 et
582 1176 699 1284 culpa
711 1204 871 1256 vacare:
893 1176 940 1256 ad
960 1205 1082 1284 quam
1100 1174 1310 1257 fovendam

161 1316 243 1368 non
267 1308 349 1368 tam
373 1288 516 1400 scripto
539 1288 584 1368 fit
603 1316 717 1397 opus,
741 1317 862 1396 quam
882 1289 970 1367 vivi
995 1289 1166 1368 invicem
1186 1291 1312 1369 virtu-

161 1419 249 1479 tum
269 1401 549 1480 recordatione.
611 1402 702 1480 Nec
721 1399 925 1494 continub,
952 1419 996 1479 ut
1020 1421 1063 1481 tu
1087 1429 1166 1480 non
1186 1400 1308 1507 scrip-

160 1511 267 1606 seris,
307 1541 385 1592 non
415 1515 490 1592 erit
518 1541 598 1620 quo
630 1513 728 1592 illud
767 1513 938 1622 suppleri
965 1512 1143 1592 officium
1181 1513 1310 1621 poffit,

160 1623 294 1704 scribit
316 1625 446 1704 vicem
473 1644 581 1704 tuam
607 1625 712 1734 apud
740 1653 805 1705 me
831 1647 896 1704 tua
923 1625 1094 1734 probitas
1127 1623 1310 1732 verasque

162 1736 294 1817 literas
324 1738 475 1817 intimis
499 1736 666 1816 senfibus
699 1738 796 1817 meis
820 1757 967 1831 exarat,
995 1736 1127 1816 scribit
1153 1764 1312 1816 morum

162 1847 405 1960 simplicitas,
435 1868 474 1928 et
507 1850 602 1928 recti
628 1876 762 1944 am0r;
795 1848 927 1928 scribit
956 1850 1161 1954 ingenium
1192 1850 1313 1929 etiam

163 1979 295 2054 tuum,
325 1959 629 2069 haudquaquam
659 1962 950 2068 quotidianum,
985 1980 1025 2041 et
1053 1961 1242 2067 majorem
1274 1962 1314 2040 in

163 2074 329 2153 modum
352 2092 389 2151 te
409 2072 519 2184 mihi}
532 2075 798 2153 commendat.
860 2079 993 2180 Qrare
1014 2075 1097 2153 noli
1116 2070 1232 2165 mihi,
1253 2101 1314 2152 ar-

162 2212 253 2264 cem
288 2185 397 2263 illam
438 2185 651 2264 Medicinae
685 2186 927 2292 tyrannicam
965 2189 1113 2279 nactus,
1150 2205 1313 2265 terrores
1395 2233 1397 2236 Δ

163 2296 254 2376 istos
269 2297 474 2390 ostentare,
497 2325 540 2377 ac
561 2297 588 2376 fi
605 2296 743 2379 salutes
763 2317 846 2377 tuas
862 2297 1059 2377 sexcentas
1074 2297 1207 2390 velles,
1223 2296 1313 2375 sub·

163 2409 282 2488 ducta
301 2410 490 2488 minutim
511 2410 741 2504 ratiuncula,
758 2410 805 2488 ad
827 2438 952 2488 unum
971 2437 1107 2488 omnes
1127 2405 1149 2487 a
1166 2436 1231 2487 me
1251 2437 1314 2488 re-

163 2520 339 2630 poscere,
360 2522 388 2601 fi
407 2519 508 2601 forte
528 2550 619 2629 ego,
642 2523 750 2629 quod
778 2550 826 2600 ne
847 2521 974 2601 fiverit
994 2525 1171 2629 unquam
1191 2523 1313 2616 Deus,

164 2633 348 2713 amicitiae
368 2633 538 2713 desertor
551 2634 712 2725 fierem;
733 2653 849 2742 atque
870 2662 1009 2714 amove
1027 2631 1200 2714 terribile
1217 2634 1314 2713 illud

165 2743 396 2854 ἔπιτειχισμα
411 2747 518 2853 quod
537 2745 753 2826 cervicibus
773 2746 910 2826 nostris
923 2747 1064 2827 videris
1078 2746 1314 2854 imposuisse,

166 2876 211 2936 ut
227 2857 304 2937 srne
322 2876 387 2937 tua
403 2857 505 2938 bona
519 2860 632 2938 venia
646 2885 696 2937 ne
712 2859 827 2938 liceat
845 2877 1043 2966 aegrotare.
1104 2860 1193 2965 Ego
1207 2861 1315 2937 enim
1398 2912 1403 2921 -

167 2996 216 3049 ne
248 2970 366 3047 nimis
398 2971 597 3063 minitdre,
621 2970 680 3050 tui
712 2970 853 3050 similes
878 2969 1114 3079 impoffibile
1137 2970 1194 3048 est
1218 2971 1315 3077 quin

165 3108 314 3172 amem,
336 3109 427 3160 nam
447 3084 496 3162 de
516 3103 653 3161 caetero
676 3083 838 3189 quidem
862 3083 958 3190 quid
983 3084 1031 3161 de
1056 3109 1121 3161 me
1141 3081 1316 3160 statuerit

167 3194 277 3272 Deus
307 3190 451 3287 nescio,
476 3195 575 3274 illud
599 3214 729 3288 certe;
763 3191 869 3276 dranis
899 3232 955 3302 μοι
988 3189 1109 3298 ἔρωτα,
1143 3189 1233 3296 εἶπὲρ
1265 3230 1314 3274 τω

165 3299 281 3396 ἄλλω,
304 3304 364 3384 τοῦ
382 3307 492 3387 καλοῦ
511 3302 684 3406 ἐνέσταξε.
746 3308 836 3386 Nec
857 3325 964 3386 tanto
982 3309 1094 3386 Ceres
1109 3305 1256 3397 labore,
1270 3324 1315 3384 ut

167 3417 208 3494 in
225 3415 368 3496 fabulis
381 3418 450 3511 est,
465 3419 649 3498 Liberam
662 3416 787 3498 fertur
798 3417 1003 3527 quaesrviffe
1016 3417 1154 3511 filiam,
1168 3436 1317 3526 quanto

166 3556 242 3635 ego
263 3528 443 3611 hanc-roi
461 3533 571 3611 καλοῦ
591 3526 693 3622 ἰδίαν,
719 3531 840 3610 veluti
861 3527 1170 3639 pulcherrimam
1190 3557 1317 3636 quan-

166 3641 260 3720 dam
280 3642 512 3748 imaginem,
536 3672 606 3784 per
629 3670 765 3723 omnes
792 3672 922 3722 rerum
946 3641 1091 3723 formas
1111 3661 1151 3721 et
1170 3639 1313 3722 facies:

168 3748 320 3858 (πολλαὶ
340 3752 409 3861 'yoip
427 3781 556 3863 μορφαι
577 3755 641 3835 uit
658 3755 865 3863 Δαιμονῖων)
880 3756 962 3834 dies
982 3753 1189 3861 nostesque
1209 3754 1316 3834 inda-

166 3890 259 3970 gare
275 3863 394 3957 soleo,
415 3889 454 3946 et
470 3868 576 3974 quast
591 3868 706 3946 certis
725 3867 960 3973 quibusdam
975 3866 1147 3972 vestigiis
1167 3863 1315 3943 ducen-

168 3996 252 4054 tem
277 3976 413 4055 sestor.
474 3980 593 4058 Unde
622 3978 680 4071 sit,
710 3997 753 4058 ut
779 3979 863 4085 qui,
892 3976 1027 4085 spretis
1057 4003 1143 4084 quae
1174 3976 1316 4083 vulgus

166 4087 285 4195 pravi
301 4116 434 4167 rerum
452 4091 704 4169 aestimatione
723 4091 921 4198 opinatur,
936 4090 976 4168 id
995 4088 1135 4169 sentire
1151 4107 1191 4169 et
1206 4087 1317 4196 loqui

166 4218 207 4279 et
226 4199 299 4279 esse
314 4200 454 4295 audet;
476 4204 583 4310 quod
598 4202 750 4282 summa
765 4230 835 4309 per
846 4230 965 4281 omne
984 4229 1111 4280 aevum
1128 4200 1315 4309 sapientia

167 4313 369 4420 optimum
389 4312 463 4391 effe
483 4315 632 4410 docuit,
660 4315 719 4393 illi
748 4343 813 4392 me
841 4315 1032 4422 protinus,
1060 4312 1179 4393 srcubi
1204 4340 1317 4421 repe·

167 4426 282 4518 riam,
315 4425 533 4507 neceslitate
563 4427 733 4535 quadam
763 4425 987 4533 adjungam.
1047 4424 1215 4534 Qodsr
1241 4453 1318 4532 ego
