2956 4980
132 242 241 373 Cap.
270 283 335 336 10.
429 239 618 337 Plenior
643 237 893 339 Institutio,
1195 286 1242 366 3¹

132 422 312 501 ntionem
342 421 432 517 effe,
452 425 546 530 quia
578 422 709 501 nullus
741 421 785 502 fit
819 420 970 512 honor:
1003 424 1092 502 Non
1115 423 1249 532 gloria

132 532 312 643 miditate,
333 537 402 628 ait,
423 534 689 645 effirebantur,
705 618 711 633 ,
714 551 916 643 propterea
939 533 1037 644 qaod
1059 536 1125 616 abi
1144 537 1249 616 honos

132 645 237 726 ablica
252 675 323 727 non
342 647 404 756 est,
425 646 480 727 ibi
493 644 679 755 cupiditas
692 648 826 754 gloria
845 647 909 758 ff
927 676 996 727 nan
1009 648 1139 757 potest,
1159 651 1234 728 διο.

400 1033 526 1112 CAP.
549 1033 625 1111 XI.
657 1033 722 1113 De
740 1031 945 1138 Adjanoto.

290 1209 501 1316 Djandam
520 1210 645 1319 rstcai
652 1208 798 1319 aliquid
797 1207 1019 1316 sttbjicitar.
1050 1211 1127 1291 Vel
1138 1212 1247 1320 quod

132 1215 506 1598 Quintum
553 1321 609 1402 est
647 1321 695 1400 ad
733 1321 978 1428 arguendum
1017 1321 1246 1426 subjectum.

319 1436 510 1515 Dodtrina
548 1432 719 1538 adjundi
757 1433 940 1512 dostrinae
978 1431 1134 1539 subjecti
1178 1463 1249 1544 per

318 1548 452 1627 omnia
469 1545 686 1654 respondet.
732 1546 860 1625 Cicera
876 1542 953 1623 hoc
967 1564 1247 1652 argumentum

132 1656 312 1763 lj‘anttam
332 1678 372 1738 et
390 1658 621 1765 conjunttam
640 1675 767 1737 vocat.
818 1657 883 1737 Ab
903 1656 1114 1765 Arssotale.
1161 1661 1247 1738 Ac·

134 1770 230 1849 dens
250 1790 423 1865 vocatur,
441 1799 513 1851 nec
533 1769 651 1849 mate.
713 1769 920 1878 Qicquid
939 1769 1047 1849 enim
1067 1769 1139 1849 ulli
1159 1770 1249 1851 sub-

133 1887 198 1962 ἂο
211 1883 448 1963 extrinsecus
461 1882 617 1974 accidit,
631 1880 707 1959 five
718 1881 882 1961 fortuito
894 1881 970 1965 five
983 1909 1074 1970 non.
1089 1882 1249 1989 adjunc-

132 2021 186 2073 tm
206 1995 287 2100 ejus
307 1995 376 2074 est.
435 1996 591 2088 Animi,
611 1993 859 2102 corporisque
878 2011 917 2071 et
940 1993 1058 2073 totius
1078 1992 1252 2077 hominis

132 2134 201 2186 ana
215 2127 256 2186 et
275 2107 392 2200 mala,
405 2135 491 2215 quae
505 2107 704 2198 dicuntur,
716 2106 895 2212 adjunda
911 2104 998 2186 sunt
1012 2107 1150 2202 animi,
1162 2135 1252 2189 cor-

132 2220 218 2312 oris,
239 2218 426 2299 hominis.

157 2327 267 2410 Cbm
287 2332 407 2438 igitur
433 2330 661 2435 adjundtum
688 2329 858 2434 subjecto
883 2348 1023 2438 praeter
1048 2330 1249 2411 essentiam

132 2442 274 2537 :cedat,
301 2470 378 2522 non
406 2461 583 2522 mutatur
607 2441 689 2548 ejus
715 2441 926 2521 acceffione
946 2441 1008 2519 vel
1036 2442 1251 2523 deceffione

132 2554 257 2634 ffentia
284 2553 457 2661 subjecti,
477 2583 606 2663 neque
626 2553 732 2632 aliud
760 2553 851 2632 inde
871 2552 916 2631 fit
936 2552 1165 2659 subjedtum,
1187 2556 1251 2636 sed

132 2668 177 2746 tio
204 2667 394 2746 duntaxat
420 2667 540 2745 modo
568 2667 605 2745 se
633 2663 764 2745 habet.
825 2665 944 2744 Unde
972 2684 1011 2744 et
1036 2669 1160 2762 modi,
1181 2671 1251 2777 qui

132 2781 300 2872 icuntur,
320 2781 360 2857 in
378 2778 566 2884 adjundis
587 2777 819 2857 numerandi
838 2776 937 2855 sunt.
988 2779 1052 2858 Sic
1073 2779 1113 2858 in
1132 2781 1252 2860 causrs

132 2919 297 2971 *ocrem
315 2911 355 2971 et
373 2891 487 2984 tueri,
502 2891 625 2983 modi,
639 2908 683 2969 ut
702 2886 814 2998 supra
833 2889 984 2967 dictum
1004 2891 1073 2983 est,
1088 2891 1162 2970 five
1182 2892 1252 2970 ad·

132 3006 231 3081 meta
250 3005 428 3112 quaedam
450 3004 511 3081 vel
531 3003 734 3081 efficientis
755 2999 817 3078 vel
837 3000 1033 3079 efficiendi
1050 3002 1150 3081 sunt.

157 3119 242 3196 Hoc
260 3133 518 3222 argumentum
537 3114 604 3218 etſs
612 3112 779 3219 stabjet‘to
798 3112 846 3220 est
864 3111 997 3204 levius,
1022 3129 1186 3194 attamen
1205 3114 1254 3222 est

132 3225 268 3334 tpt’ostas
280 3226 577 3337 etfrequentias.
637 3224 818 3330 Subjedto
839 3223 907 3302 suo
927 3223 1049 3305 levius
1068 3226 1148 3320 est,·
1157 3230 1250 3335 quia

132 3338 316 3444 ibjectum
356 3341 464 3448 prius
502 3339 571 3430 est,
603 3356 643 3415 et
673 3336 844 3441 adjundti
873 3335 930 3414 sui
957 3336 1252 3443 quodammodo

132 3450 226 3530 ausa.
287 3452 333 3529 Id
362 3452 468 3559 quod
496 3452 544 3530 de
573 3449 761 3554 adjunstis
789 3475 868 3527 non
894 3448 1092 3555 quibusvis
1112 3453 1251 3531 ve'rum

132 3562 173 3641 ffe
193 3562 410 3642 docebitur.
472 3563 582 3641 Hinc
601 3561 761 3669 Arssot.
785 3557 890 3639 Phil.
914 3561 952 3638 S.
982 3588 1016 3639 1.
1037 3552 1252 3668 adunatam

132 3672 256 3779 rbjedo
274 3675 324 3783 est
342 3674 521 3783 posterius
538 3672 696 3765 ratione,
717 3690 889 3780 tempore,
910 3673 1108 3779 cognitione
1127 3694 1164 3755 et
1182 3706 1252 3756 na-

132 3816 219 3866 aa:
247 3787 352 3895 quod
374 3788 494 3864 etiam
510 3786 558 3863 de
572 3785 683 3865 omni
703 3784 885 3889 adjundto
904 3783 958 3863 ita
977 3784 1167 3867 duntaxat
1185 3816 1253 3866 ve·

132 3927 191 3978 rm
218 3898 336 3991 est‚fi
364 3897 412 3976 de
441 3917 617 4006 tempore
643 3896 831 4006 excipias,
858 3896 1117 3979 Existentiam
1144 3900 1252 3980 enim

132 4011 290 4116 ‚djuntti
311 4038 388 4088 non
410 4009 554 4119 spedtat
574 4009 737 4115 Logica,
750 4008 814 4087 sed
827 4028 1008 4087 mutuam
1023 4039 1143 4119 quam
1159 4039 1253 4093 cum

132 4122 271 4230 rbjedto
291 4119 410 4201 habet
433 4121 683 4200 affedtionem
703 4149 788 4228 quae
807 4120 1018 4230 utrobique
1038 4122 1153 4203 fimul
1172 4124 1251 4219 est;

132 4262 155 4313 a
182 4254 227 4315 ut
255 4234 482 4341 Subjedum
510 4233 708 4340 Adjundo
734 4259 813 4312 non
841 4235 968 4340 magis
999 4234 1045 4315 fit
1076 4254 1254 4345 tempore

132 4347 208 4427 rius
227 4374 349 4454 quam
365 4346 610 4452 Adjundtum
628 4344 836 4450 Subjedt03
858 4343 1007 4426 sublato
1027 4348 1149 4455 igitur
1163 4346 1253 4427 sub·

132 4462 215 4553 uo,
236 4458 387 4539 tollitur
417 4458 660 4565 adjundtum,
689 4477 746 4549 ut,
775 4474 941 4537 mortuas
968 4486 1037 4538 nan
1064 4458 1140 4567 estt
1170 4488 1257 4569 ergo
