2956 4980
163 233 245 336 468
461 219 754 322 Prolufiones
778 229 1021 324 Oratoriae.

163 423 236 504 pus
249 396 361 475 bonis
377 396 524 478 artibus
539 399 733 496 dederint,
747 402 870 512 iisque
883 399 1065 482 homines
1081 399 1307 505 adjuverint,

164 535 230 588 eos
250 508 433 615 fingulari
452 529 493 589 et
516 508 670 593 summai
697 515 809 624 supra
834 541 973 594 omnes
997 511 1162 591 sciential
1186 516 1309 592 andos

164 619 238 699 elle
258 619 410 701 futuros
430 622 548 701 multi
576 626 747 730 graviter
771 624 1040 737 philosophati
1059 623 1167 703 sunt.
1224 626 1310 728 Jam

163 732 336 811 cavillari
358 734 533 813 desmant
557 737 689 844 ignavi
713 765 954 846 quaecunque
979 734 1109 815 adhuc
1135 735 1250 815 nobis
1275 737 1310 813 in

164 842 334 923 scientiis
353 845 500 925 incerta
519 865 637 957 atque
656 851 844 958 perplexa
868 851 955 943 fint,
975 875 1062 956 quae
1083 867 1219 928 tamen
1239 875 1311 927 non

164 974 247 1035 tam
275 955 455 1050 scientiae,
481 985 602 1065 quam
628 957 784 1042 homini
812 958 1059 1042 attribuenda
1091 959 1204 1054 sunt3
1241 957 1312 1039 hoc

164 1068 234 1160 est,
258 1068 485 1162 Auditores,
505 1072 612 1178 quod
642 1091 682 1151 et
713 1074 811 1154 illud
842 1073 987 1154 nescire
1012 1071 1249 1151 Socraticum
1277 1091 1313 1150 et

163 1179 346 1258 timidam
370 1181 642 1289 Scepticomm
669 1184 948 1266 haefitationem
974 1203 1042 1262 aut
1066 1182 1227 1276 refellit,
1251 1202 1313 1262 aut

162 1290 395 1384 consolatur,
422 1312 490 1372 aut
519 1295 756 1405 compensat.
815 1298 908 1401 Jam
935 1324 1028 1375 vero
1054 1295 1217 1374 tandem
1242 1294 1310 1373 ali-

163 1404 322 1511 quando
342 1431 521 1512 quaenam
542 1407 776 1515 Ignorantiae
803 1408 1031 1489 beatitudo?
1059 1404 1126 1486 sua
1154 1405 1225 1485 sibi
1245 1403 1312 1484 ha·

164 1513 271 1610 bere,
291 1512 313 1594 d
333 1517 490 1596 nemine
512 1519 612 1613 laedi,
633 1522 743 1599 omni
763 1549 856 1600 cura
877 1538 917 1599 et
942 1517 1121 1598 molestia
1139 1516 1311 1627 superse-

163 1627 269 1720 dere,
282 1628 405 1707 vitam
421 1627 552 1710 secure
567 1651 606 1711 et
621 1635 769 1740 quiete,
783 1633 915 1740 quoad
932 1629 1072 1742 potest,
1086 1630 1310 1723 traducere3

163 1765 302 1817 verum
321 1736 404 1820 haec
424 1738 514 1821 ferae
533 1763 599 1824 aut
616 1745 787 1824 volucris
813 1743 1031 1853 cujuspiam
1049 1743 1130 1822 vita
1154 1742 1211 1820 est
1229 1768 1312 1848 quae

162 1849 204 1928 in
227 1851 314 1930 altis
341 1870 381 1931 et
407 1856 653 1961 penitiffimis
680 1856 794 1965 sylvis
822 1858 863 1935 in
889 1874 975 1935 tuto
1002 1853 1188 1934 nidulum
1212 1853 1312 1932 coelo

161 1965 516 2071 quamproximum
546 1965 680 2063 habet,
708 1969 836 2076 pullos
863 1968 1011 2060 educit,
1040 1966 1118 2046 fine
1153 1966 1311 2074 aucupii

161 2093 271 2153 metu
303 2076 342 2153 in
374 2075 531 2184 pastum
559 2080 679 2173 volat,
710 2079 900 2173 dilucu10,
919 2079 1149 2187 vesperique
1183 2076 1311 2156 suaves

161 2186 615 2271 modulosemodulatur.
666 2188 1310 2300 Qidadhaecdesideraturaethe·

162 2325 248 2378 reus
269 2299 335 2379 ille
357 2301 480 2380 animi
499 2304 639 2412 vigor?
689 2306 823 2383 Exuat
842 2330 937 2411 ergo
956 2301 1181 2392 hominem,
1201 2301 1311 2380 dabi-

162 2427 224 2488 tur
240 2410 325 2490 sane
341 2413 527 2493 Circaeum
543 2416 747 2524 poculum,
761 2415 809 2495 ad
825 2414 964 2495 bestias
977 2440 1099 2522 prona
1115 2413 1309 2518 emigret:

161 2520 226 2600 Ad
247 2522 385 2603 bestias
405 2528 523 2605 vero?
554 2545 593 2606 at
612 2528 687 2606 illae
707 2546 788 2609 tam
808 2547 966 2638 turpem
985 2524 1183 2632 hospitem
1205 2525 1310 2602 exci-

158 2659 251 2739 pere
272 2635 425 2729 nolunt,
447 2638 474 2715 fi
493 2639 656 2744 quidem
684 2641 758 2718 illae
785 2639 860 2718 five
887 2636 1082 2717 inferioris
1108 2635 1308 2742 cujusdam

159 2745 319 2824 rationis
351 2750 572 2857 participes,
604 2752 711 2859 quod
743 2751 907 2859 plurimi
940 2748 1201 2859 disputdrunt,
1237 2747 1308 2825 five

159 2857 323 2965 pollenti
342 2860 516 2966 quodam
538 2863 720 2942 instinsiu
742 2865 907 2970 sagaces,
928 2879 996 2940 aut
1023 2879 1140 2951 artes,
1161 2877 1230 2937 aut
1251 2885 1308 2936 ar-

159 2971 261 3048 tium
289 2970 412 3050 fimile
439 2973 638 3081 quoddam
666 2976 770 3084 apud
798 2974 833 3051 se
861 2990 1058 3052 exercent.
1121 2971 1309 3078 Namque

158 3101 197 3160 et
216 3084 344 3161 Canes
365 3084 404 3161 in
426 3084 689 3193 persequenda
710 3084 791 3165 fera
810 3084 1037 3164 Dialesiicae
1056 3109 1132 3159 non
1154 3083 1308 3188 ignaros

158 3192 232 3273 esse
248 3193 437 3279 narratur
466 3199 571 3306 apud
593 3198 858 3289 Plutarchum,
878 3215 919 3275 et
944 3193 1043 3273 fiad
1070 3194 1184 3272 trivia
1208 3191 1308 3271 forte

158 3325 320 3386 ventum
341 3307 400 3400 srt,
420 3306 534 3416 plane
559 3309 751 3414 disjuncto
776 3310 835 3387 uti
862 3305 1111 3414 Syllogismo.
1173 3302 1310 3382 Lusci-

160 3418 266 3496 niam
298 3418 420 3498 veluti
452 3440 643 3529 praecepta
670 3421 849 3527 quaedam
881 3418 1053 3497 Mufices
1087 3415 1206 3524 pullis
1236 3414 1310 3494 suis

159 3530 308 3608 tradere
322 3529 440 3610 solere
453 3530 572 3611 refert
586 3532 820 3640 Aristoteles,
843 3556 1082 3638 unaquaeque
1096 3525 1177 3605 sere
1191 3527 1311 3606 bestia

159 3639 226 3718 fibi
248 3641 401 3720 medica
421 3643 491 3735 est,
505 3644 638 3722 multae
654 3647 774 3725 etiam
790 3643 953 3750 infignia
968 3639 1173 3719 medicinae
1186 3638 1310 3717 docu-

158 3772 292 3832 menta
317 3750 545 3836 hominibus
570 3756 724 3834 dedere.
789 3754 867 3834 Ibis
893 3752 1078 3862 AEgyptia
1107 3749 1186 3828 alvi
1216 3778 1310 3858 pur-

158 3866 292 3971 gandae
313 3869 540 3960 utilitatem,
557 3868 846 3977 Hippopotamus
865 3862 1092 3945 detrahendi
1113 3860 1310 3968 sanguinis

159 3978 338 4058 ostendit.
399 3981 502 4087 Qis
522 3981 627 4059 dicat
644 3979 903 4060 Astronomiae
923 3971 1149 4083 expertesa
1167 3972 1310 4081 quibus

159 4110 216 4171 tot
246 4110 468 4185 ventorum,
506 4092 711 4185 imbrium,
747 4091 1066 4179 inundationum,
1097 4085 1309 4164 serenitatis

161 4201 340 4310 praesagia
360 4207 568 4313 petantur?
603 4206 738 4312 Qam
756 4201 937 4311 prudenti
958 4218 998 4278 et
1017 4198 1146 4276 severa
1167 4196 1309 4276 Ethica

159 4315 445 4425 supervolantes
472 4336 651 4396 montem
673 4312 842 4396 Taurum
868 4311 1016 4390 anseres
1044 4312 1227 4389 obturato
1253 4309 1309 4387 la-

160 4428 265 4535 pillis
285 4457 351 4508 ore
371 4429 595 4536 periculosa
617 4426 845 4538 loquacitati
872 4425 1152 4516 moderantur,
1183 4421 1309 4500 multa
