2956 4980
96 246 212 378 Cap.
239 282 308 366 23·
402 242 591 341 Plenior
616 240 866 341 Institutio,
1164 285 1218 371 75

58 451 208 533 genere
224 425 492 520 continentur,
509 443 671 537 propter
690 424 902 532 illamqua
920 426 1022 504 inter
1039 452 1083 504 ea
1096 427 1217 506 inter-

58 537 170 617 cedit
187 539 530 619 communionem.
593 538 721 619 Cicero
747 539 879 644 itaque
907 536 947 616 in
972 537 1057 645 Tap.
1087 539 1222 618 locum

59 676 113 728 ex
137 650 359 758 conjugatis
386 651 577 732 notationi
599 651 816 730 finitimum
839 648 914 728 effe
933 649 1049 729 dixit.
1110 653 1164 731 Et
1182 653 1225 730 in

60 761 203 842 multis
222 765 418 873 exemplis
434 764 642 870 conjugata
661 759 683 842 ὲ
703 764 902 843 notatione
918 781 958 841 et
978 764 1139 843 nomine
1160 765 1222 842 ni-

62 872 124 953 hil
143 894 210 954 aut
231 903 373 984 parum
388 876 590 956 differunt.
642 876 889 954 Communio
905 894 1038 955 autem
1060 876 1128 955 illa
1148 876 1223 954 du-

91 985 158 1066 lex
175 987 255 1067 est:
286 987 420 1099 primb
432 988 540 1098 qubd
561 987 649 1067 sunt
668 1006 898 1094 argumenta
914 987 1127 1067 nominalia
1147 986 1223 1066 five

62 1101 265 1179 anomine
278 1103 412 1210 petita.
464 1100 538 1179 Sed
557 1103 597 1180 in
610 1098 688 1180 hoc
699 1098 903 1192 differunt,
916 1118 962 1178 ut
973 1101 1093 1180 etiam
1107 1100 1224 1180 tradit

66 1212 175 1291 Boet.
197 1213 225 1292 l.
244 1238 285 1315 4.
308 1217 349 1293 in
366 1217 457 1322 Top.
479 1213 561 1293 Cic.
583 1214 690 1320 quod
719 1212 867 1292 notatio
888 1213 1131 1320 expositione
1151 1240 1225 1291 no·

64 1324 200 1416 minis,
212 1326 439 1434 conjugatio
455 1325 710 1405 similitudine
726 1323 908 1403 vocabuli
924 1352 968 1402 ac
983 1324 1223 1404 derivatione

63 1434 282 1544 perficitur.
343 1439 490 1546 Neque
518 1437 665 1517 idcirco
692 1436 740 1516 ad
761 1437 1075 1515 Grammaticam
1104 1438 1225 1544 perti·

64 1566 188 1627 nent:
218 1576 270 1628 ex
289 1549 330 1628 vi
354 1551 463 1629 enim
488 1550 697 1629 nominum
724 1567 956 1655 argumenta
975 1566 1122 1656 petere,
1144 1550 1224 1628 Lo·

65 1660 149 1767 gici
168 1660 238 1754 est,
258 1688 338 1740 non
359 1662 638 1742 Grammatici.
700 1660 876 1740 Secunda
899 1662 1132 1740 communio
1152 1661 1222 1755 est,

65 1770 178 1880 quod
207 1771 294 1852 sunt
319 1793 404 1854 orta
427 1774 643 1883 srmplicia:
676 1801 804 1881 neque
831 1773 940 1852 enim
970 1801 1021 1852 ex
1047 1773 1224 1885 pluribus

67 1885 209 1992 primis
224 1885 339 1965 fimul
356 1885 589 1992 conjundtis,
603 1884 666 1964 sed
682 1913 732 1965 ex
746 1913 825 1964 uno
841 1886 973 1992 aliquo
990 1905 1224 1992 argumento

65 1997 201 2104 primo
226 1997 375 2106 singula
397 2026 535 2079 eorum
559 1999 745 2106 exempla
768 2000 962 2090 oriuntur,
987 1999 1058 2077 nifi
1083 2000 1124 2077 in
1151 2026 1225 2078 no·

67 2108 245 2189 minibus
264 2112 515 2219 compofitis:
547 2112 855 2220 compositorum
882 2111 990 2189 enim
1014 2113 1224 2190 nominum

66 2222 285 2331 compofita
305 2224 505 2303 interdum
525 2251 576 2302 ex
602 2223 780 2332 pluribus
806 2223 1047 2329 argumentis
1076 2223 1225 2301 notatio

66 2333 138 2415 est.
199 2334 437 2416 Distributio
462 2355 596 2416 autem
620 2355 659 2415 et
683 2335 860 2415 definitio
884 2334 970 2413 sunt
995 2353 1226 2441 argumenta

65 2444 199 2539 realia,
227 2447 255 2525 i.
269 2476 304 2526 e.
334 2450 375 2527 in
401 2476 536 2528 rerum
561 2447 824 2556 explicatione
851 2446 990 2525 versari
1021 2446 1158 2539 solent,
1184 2466 1224 2526 et

67 2558 301 2667 compofita,
322 2560 349 2638 i.
365 2589 401 2640 e.
424 2589 473 2639 ex
493 2561 671 2670 pluribus
691 2561 932 2667 argumentis
952 2558 1090 2669 primis
1112 2559 1226 2638 fimul

68 2669 288 2775 conjunctis
304 2674 502 2780 originem
517 2673 626 2751 suam
647 2671 820 2752 trahunt.
869 2674 910 2750 Si
931 2698 1025 2778 ergo
1045 2690 1225 2751 ortorum

69 2808 227 2889 genera,
240 2811 326 2891 quae
339 2814 534 2893 anonyma
550 2784 623 2864 effe
640 2786 829 2877 diximus,
849 2784 1074 2863 nominibus
1090 2784 1225 2863 distin-

69 2920 191 3001 guere
211 2894 335 2990 lubet,
352 2919 436 2977 orta
456 2916 570 2977 erunt
585 2897 648 2976 vel
667 2897 881 2976 nominalia
901 2917 940 2974 et
960 2896 1164 3003 fimplicia,
1183 2915 1227 2974 ut

67 3007 278 3113 conjugata
295 3029 334 3089 et
354 3013 518 3104 notati0,
538 3011 602 3089 vel
630 3010 805 3089 realiaet
832 3008 1060 3116 composita,
1082 3026 1126 3085 ut
1146 3007 1224 3085 dis-

70 3118 237 3198 tributio
252 3139 291 3199 et
310 3121 514 3202 definitio:
537 3124 607 3202 nisr
626 3119 704 3202 hoc
724 3118 824 3201 forte
844 3122 1105 3228 excipiamus,
1118 3119 1239 3226 quod-

69 3228 251 3310 definitio
270 3260 320 3312 ex
342 3263 421 3314 uno
448 3236 593 3342 prim0,
616 3235 643 3311 i.
659 3263 695 3314 e.
717 3262 767 3312 ex
788 3233 865 3311 sola
888 3230 1016 3312 forma
1043 3259 1225 3311 nonnun-

68 3368 194 3451 quam
211 3345 386 3425 constare
407 3348 546 3456 potest.
607 3350 671 3425 Ex
692 3344 753 3425 his
779 3365 912 3425 autem
932 3344 1084 3423 duobus
1103 3372 1225 3452 gene-

69 3454 179 3534 ribus
199 3456 307 3564 prius
324 3458 571 3539 tractandum
589 3458 645 3537 est
664 3458 763 3538 illud
782 3458 847 3537 cui
866 3456 1073 3562 conjugata
1092 3475 1131 3535 et
1152 3485 1224 3536 no-

72 3567 185 3660 tatio,
206 3568 478 3674 subjiciuntur,
499 3572 592 3678 quia
620 3569 701 3650 ferd
727 3571 941 3679 fimplicius
962 3570 1029 3648 est.
1089 3571 1225 3677 Atque

72 3678 116 3756 in
136 3677 213 3760 hoc
233 3708 375 3788 genere
403 3682 610 3791 conjugata
635 3684 807 3791 priorem
837 3682 906 3761 fibi
935 3684 1068 3760 locum
1088 3682 1226 3760 vendi-

71 3810 178 3886 cant,
198 3794 306 3899 quod
330 3816 380 3874 ex
414 3796 501 3877 solis
524 3795 790 3876 consentaneis
816 3796 1004 3887 oriantur,
1032 3790 1127 3873 ciam
1154 3823 1226 3872 no·

72 3905 171 3983 tatio
189 3932 241 3983 ex
265 3909 406 4015 quovis
428 3928 660 4015 argumento
684 3909 816 4016 primo
841 3926 1008 4016 petatur.
1071 3905 1226 3999 Fabius,

72 4016 100 4093 l.
119 4041 157 4122 5.
173 4044 207 4094 c.
231 4045 293 4096 10.
336 4020 558 4129 Conjugata
577 4018 692 4098 nihili
709 4018 827 4099 facit:
859 4018 1075 4127 Aristoteles
1093 4038 1226 4098 autem

72 4147 114 4206 et
136 4127 266 4209 Cicero
287 4131 327 4210 in
349 4132 487 4240 Topicis
492 4131 578 4239 fitis
597 4133 708 4212 aliter
728 4132 921 4211 sentiunt:
954 4159 1124 4238 quorum
1145 4131 1225 4224 ille,

73 4241 102 4317 l.
126 4267 163 4345 3.
187 4271 221 4320 c.
243 4268 282 4343 4.
303 4242 389 4323 etl.
413 4271 452 4352 7.
476 4274 508 4325 c.
532 4272 569 4326 2.
602 4246 707 4324 locos
735 4273 785 4324 ex
813 4244 1069 4337 diffentaneis,
1091 4244 1225 4349 conju-

74 4354 174 4543 gpstis
195 4371 242 4542 etl
253 4355 401 4435 casabus
427 4358 648 4465 plurimum
675 4359 728 4436 ait
747 4358 897 4450 valere;
929 4375 967 4434 et
988 4357 1035 4434 ad
1056 4357 1226 4463 plurima

74 4483 297 4544 eeuum.
