2956 4980
460 219 750 319 Prolusrones
777 226 1013 319 Oratoriae.
1221 268 1302 342 429

159 425 232 477 nec
253 399 336 478 ullo
366 399 484 477 modo
504 399 641 477 Patriae
660 397 721 477 vel
742 399 899 477 Honori
919 397 1006 491 esse,
1029 401 1089 478 vel
1113 402 1302 499 Utilitati,

158 511 267 616 quod
300 530 430 589 tamen
462 512 503 588 in
534 509 701 589 scientiis
732 537 868 588 omnes
896 512 1205 617 antiquissimum
1229 516 1303 610 esse

157 623 322 702 ducunt.
384 623 588 729 Siquidem
616 619 677 700 his
707 622 879 700 maxime
899 623 1051 702 duobus
1072 629 1225 704 auctam
1244 648 1304 708 at-

156 762 237 841 que
256 754 484 813 exornatam
512 735 705 840 praecipue
737 735 903 842 patriam
932 736 1211 831 animadverti;
1243 741 1304 818 vel

158 845 341 953 praeclare
357 846 537 938 dicendo,
551 845 613 924 vel
635 843 787 923 sortiter
803 846 977 952 agendo;
1000 864 1115 954 atque
1136 850 1303 956 litigiosa

158 956 241 1036 haec
275 957 577 1064 discrepantium
608 957 842 1066 opinionum
875 957 1117 1063 digladiatio,
1153 988 1224 1040 nec
1256 964 1303 1041 ad

157 1069 425 1177 eloquentiam
447 1069 647 1165 instruere,
671 1095 741 1145 nec
757 1068 804 1146 ad
824 1069 1073 1177 prudentiam
1092 1071 1303 1170 instituere,

160 1209 235 1260 nec
253 1182 302 1260 ad
317 1180 432 1261 sortia
446 1180 615 1260 facinora
633 1179 792 1258 incitare
806 1179 907 1288 posse
920 1183 1087 1259 videtur.
1148 1185 1305 1266 Abeant

160 1293 283 1400 igitur
311 1320 405 1373 cum
436 1293 511 1371 suis
543 1291 843 1370 formalitatibus
874 1313 1112 1399 argutatores
1137 1297 1302 1394 versuti;

159 1405 304 1513 quibus
328 1405 415 1514 post
438 1403 592 1484 obitum
616 1400 716 1481 hanc
747 1432 815 1509 par
839 1405 912 1482 erit
937 1407 1099 1512 irrogari
1131 1435 1303 1514 poenam,

160 1537 204 1596 ut
224 1545 317 1596 cum
341 1520 441 1597 Ocno
465 1517 534 1594 illo
559 1516 663 1623 apud
691 1514 833 1594 inferos
862 1534 1065 1622 torqueant
1092 1516 1301 1602 funiculos.

161 1630 218 1706 At
238 1647 385 1737 quanto
398 1628 512 1708 satius
529 1627 634 1720 esset,
647 1627 892 1719 Academici,
906 1626 1131 1735 quantdque
1147 1632 1304 1739 dignius

160 1739 286 1821 vestro
306 1742 466 1820 nomine
481 1767 583 1818 nunc
595 1737 801 1847 descriptas
814 1739 991 1818 chartula
1010 1759 1127 1820 terras
1148 1746 1299 1823 univer·

161 1851 217 1931 sas
236 1854 342 1960 quasi
361 1851 484 1932 oculis
505 1850 788 1959 perambulate,
810 1868 849 1928 et
873 1851 1017 1929 calcata
1037 1855 1195 1934 vetustis
1216 1857 1304 1935 He-

160 1965 292 2044 roibus
313 1965 523 2073 inspectare
542 1963 641 2056 loca,
655 1961 782 2054 bellis,
804 1961 1031 2071 triumphis,
1052 1983 1091 2043 et
1114 1968 1234 2046 etiam
1255 1969 1304 2046 il-

160 2076 343 2156 lustrium
365 2078 575 2155 Poetarum
596 2073 737 2152 sabulis
757 2074 976 2153 nobilitatas
998 2077 1195 2182 Regiones
1216 2108 1305 2188 per-

160 2216 332 2281 currere,
354 2216 458 2267 nunc
478 2185 701 2266 aestuantem
727 2185 984 2265 transmittere
1005 2187 1179 2281 Adriam,
1202 2219 1305 2271 nunc

160 2301 209 2380 ad
230 2302 386 2380 AEtnam
418 2299 771 2405 flammigerantem
801 2299 964 2405 impune
994 2300 1191 2394 accedere,
1215 2302 1306 2381 dein

161 2440 292 2493 mores
312 2409 523 2491 hominum
543 2408 744 2518 speculari,
759 2426 797 2485 et
811 2410 1003 2488 ordinatas
1023 2409 1187 2519 pulchre
1207 2439 1305 2519 gen-

150 2526 266 2603 'tium
285 2523 542 2632 respublicas3
564 2520 656 2600 hinc
676 2520 858 2599 omnium
874 2521 1134 2601 animantium
1152 2543 1306 2605 naturas

161 2636 355 2744 persequi,
376 2655 416 2715 et
434 2633 651 2742 explorare,
668 2632 716 2710 ab
736 2630 797 2711 his
817 2633 855 2709 in
877 2661 1030 2712 arcanas
1051 2636 1247 2743 Lapidum
1268 2659 1307 2717 et

162 2747 392 2828 Herbarum
410 2749 510 2825 vires
530 2747 709 2824 animum
728 2744 946 2825 demittere.
995 2746 1085 2824 Nec
1105 2747 1305 2844 dubitetis,

162 2860 391 2952 Auditores,
405 2861 525 2938 etiam
545 2859 585 2936 in
605 2857 724 2935 coelos
744 2855 911 2949 evolare,
928 2855 1059 2963 ibique
1080 2858 1147 2936 illa
1167 2861 1305 2940 multi-

162 2970 307 3050 formia
333 2971 500 3049 nubium
526 2970 687 3077 spedtra,
715 2966 888 3074 nivisque
914 2988 1182 3048 coacervatam
1206 2973 1303 3065 vim,

161 3103 202 3162 et
234 3084 336 3162 unde
369 3083 444 3162 illae
484 3083 684 3160 matutiuae
720 3077 927 3185 lachrymae
965 3081 1305 3189 contemplemini,

161 3194 436 3303 grandinisque
467 3195 609 3274 exinde
640 3190 789 3271 loculos
822 3190 1076 3298 introspicite,
1110 3212 1148 3271 et
1178 3222 1306 3274 arma-

163 3329 297 3387 menta
328 3306 544 3385 fulminum
576 3303 896 3413 perscrutemini;
930 3330 1001 3381 nec
1028 3331 1096 3382 vos
1127 3304 1230 3384 clam
1263 3307 1307 3385 s1t

161 3419 259 3526 quid
288 3418 360 3498 fibi
382 3419 477 3496 velit
507 3435 575 3496 aut
603 3416 765 3524 Jupiter
793 3433 860 3493 aut
888 3415 1055 3507 Natura,
1079 3443 1170 3494 cum
1200 3419 1307 3498 dirus

161 3550 280 3638 atque
295 3532 432 3637 ingens
446 3531 613 3607 Cometa
625 3528 725 3606 coelo
740 3526 834 3634 saepe
849 3527 1051 3605 minitatur
1064 3528 1306 3625 incendium,

162 3670 236 3721 nec
260 3671 328 3722 vos
352 3642 415 3721 vel
447 3640 708 3719 minutissrmae
739 3638 882 3717 lateant
914 3637 1085 3732 stellulae,
1113 3661 1309 3750 quotquot

163 3755 265 3832 inter
284 3754 394 3863 polos
415 3752 596 3859 utrosque
617 3750 746 3859 sparsae
769 3750 869 3842 sunt,
883 3770 923 3829 et
941 3749 1157 3858 dispalatae:
1179 3754 1306 3833 immo

164 3866 296 3945 Solem
312 3866 642 3974 'peregrinantem
670 3861 886 3969 sequamini
915 3863 1092 3953 comites,
1114 3881 1153 3940 et
1180 3863 1309 3971 ipsum

165 3995 322 4086 tempus
357 3978 403 4056 ad
433 3976 603 4055 calculos
632 3992 781 4065 vocate,
810 3974 1020 4078 aeternique
1049 3971 1130 4076 ejus
1160 3976 1309 4056 itineris

163 4089 312 4196 exigite
333 4089 537 4167 rationem.
597 4087 672 4164 Sed
693 4112 763 4163 nec
783 4083 934 4175 iisdem,
956 4082 1098 4190 quibus
1117 4086 1237 4180 orbis,
1259 4090 1308 4168 li-

163 4201 328 4280 mitibus
353 4200 544 4280 contineri
573 4217 611 4276 et
638 4195 905 4276 circumscribi
933 4195 968 4272 se
995 4196 1166 4303 patiatur
1185 4201 1307 4280 vestra

164 4340 290 4406 mens,
320 4312 384 4390 sed
413 4313 533 4389 etiam
561 4328 670 4388 extra
694 4308 834 4386 mundi
863 4309 1055 4415 pomoeria
1080 4308 1307 4416 divagetur;

164 4425 432 4533 perdiscatque
449 4420 722 4530 ultimb(quod
739 4419 866 4498 adhuc
880 4419 1108 4498 altiffimum
1122 4423 1193 4526 est)
1209 4422 1308 4533 seip-
