2956 4980
158 206 238 287 280
383 190 546 286 Literae
571 186 765 285 Oliverii
784 186 1076 286 Protectoris.

194 613 395 694 Oliverius
416 616 614 696 Proteslor
634 613 743 720 Reip.
765 611 935 719 Angliae,
956 609 1035 691 &c.
1054 608 1190 690 Sereni
1221 636 1271 686 mo

314 725 493 834 Principi
506 726 652 830 Joanni
673 723 882 830 Lusttaniae
902 723 1014 831 Regi,
1040 723 1080 801 S.
1097 721 1156 801 D.

239 887 484 967 Sereniffime
505 887 596 965 Rex
611 917 621 980 ;

244 1011 426 1090 Erlatum
444 1013 493 1089 ad
510 1037 579 1088 nos
599 1009 655 1087 est
677 1006 828 1088 facinus
851 1007 950 1087 illud
974 1004 1243 1088 inhumanum
1265 1035 1305 1088 ac

271 1121 480 1215 nefarium,
499 1149 581 1229 quo
604 1120 725 1200 caedes
751 1119 922 1229 Philippi
946 1118 1161 1201 Meadowes
1185 1120 1308 1198 Inter·

158 1235 288 1313 nuntii
322 1234 426 1342 apud
458 1262 526 1312 vos
562 1232 695 1326 nostri,
727 1232 976 1339 tranfigendae
1007 1233 1115 1341 pacis
1148 1227 1308 1311 caussis

160 1345 272 1425 nobis
291 1346 392 1427 miffi
408 1363 593 1424 attentata
608 1344 688 1425 est:
719 1342 829 1448 cujus
843 1347 1022 1424 atrocitas
1037 1362 1144 1423 tanta
1160 1342 1254 1435 fuit,
1268 1360 1310 1421 ut

159 1459 312 1537 Divino
337 1458 451 1566 plane
479 1457 793 1564 Numiniatque
820 1456 950 1536 tutelae
968 1455 1050 1561 ejus
1069 1455 1310 1535 conservatio

159 1569 404 1649 attribuenda
423 1571 481 1648 fit.
541 1568 705 1677 Nosque
725 1597 776 1648 ex
795 1569 917 1649 literis
933 1567 1152 1674 Majestatis
1167 1567 1312 1647 Vestrae

145 1680 257 1787 sexto
282 1701 321 1761 et
345 1681 512 1789 vigestmo
531 1680 638 1760 Maii
656 1682 829 1789 proximi
853 1680 901 1760 ad
926 1707 995 1759 nos
1021 1679 1135 1773 datis,
1161 1707 1311 1789 perque

162 1791 335 1874 Thomam
359 1792 612 1903 Maynardum
636 1792 749 1871 nobis
773 1792 948 1886 redditis,
967 1810 1194 1901 permotam
1218 1791 1312 1872 fasti

159 1905 392 2013 indignitate
408 1903 659 2008 Majestatem
672 1903 853 1985 Vestram
866 1904 914 1983 de
926 1902 1156 1987 authoribus
1164 1903 1311 2009 juffiffe

157 2019 279 2125 quaeri
299 2014 571 2123 intelligimus,
593 2034 637 2095 ut
659 2014 899 2126 supplicium
925 2017 973 2095 de
1000 2016 1064 2109 iis,
1088 2044 1161 2125 pro
1186 2044 1235 2097 eo
1267 2045 1311 2096 ac

159 2130 294 2208 meriti
332 2127 432 2220 sunt,
467 2126 654 2207 sumatur.
713 2124 867 2208 Verhm
900 2125 1204 2237 comprehensos
1237 2128 1313 2209 esse

49 2228 57 2243 ⁹
159 2239 262 2333 ulios
288 2268 338 2320 ex
365 2241 428 2334 iis,
448 2258 514 2320 aut
531 2239 630 2347 jussa
648 2240 773 2320 vestra
798 2239 872 2321 hac
897 2240 939 2319 in
962 2259 1072 2351 parte
1092 2240 1313 2349 quicquam

160 2352 329 2433 effecisse
356 2353 532 2432 nondum
556 2352 794 2459 accepimus.
854 2355 1108 2462 Qapropter
1134 2352 1316 2433 nostrum

162 2465 236 2545 esse
249 2465 437 2544 duximus
448 2463 580 2572 palam
596 2462 824 2573 significare,
839 2482 1034 2545 tentatum
1045 2464 1145 2545 illud
1161 2462 1316 2546 facinus

162 2576 386 2669 barbarum,
407 2593 447 2654 et
467 2577 610 2684 partim
629 2576 878 2655 commissum
893 2572 1015 2685 quim
1032 2575 1194 2684 indigne
1209 2576 1316 2659 fera-

162 2715 275 2766 mus:
306 2707 423 2796 atque
443 2689 539 2766 adeo
559 2685 582 2766 ὲ
601 2687 807 2793 Majestate
826 2689 965 2768 Vestra
989 2688 1249 2798 postulamuS,
1271 2710 1317 2772 ut

162 2799 210 2878 ab
232 2800 335 2881 illius
351 2798 533 2879 facinoris
553 2797 798 2895 authoribus,
818 2801 943 2895 sociis,
962 2801 1201 2881 administris
1221 2801 1264 2882 su

161 2913 328 3019 plicium
361 2912 540 2991 debitum
571 2931 793 3019 repetatur:
829 2914 883 2992 Et
907 2941 987 3021 quo
1012 2911 1089 2995 hoc
1117 2918 1315 2996 maturius

161 3023 243 3118 fiat,
258 3043 301 3103 ut
314 3021 569 3103 honestiffimi
582 3023 903 3133 integerrimique
920 3026 1008 3121 viri,
1022 3027 1171 3135 quique
1185 3028 1317 3134 gentis

162 3136 362 3244 utriusque
380 3138 466 3246 paci
486 3133 606 3245 quim
622 3135 797 3216 maxime
815 3137 983 3231 student,
1001 3137 1094 3218 huic
1109 3139 1316 3247 questioni

160 3248 433 3356 preficiantur,
458 3277 538 3357 quo
563 3276 621 3327 res
646 3245 803 3356 peniths
828 3249 1064 3359 investigari,
1085 3269 1248 3359 tamque
1273 3254 1315 3332 in

161 3359 344 3441 authores
364 3361 513 3440 sceleris
533 3389 653 3468 quam
674 3362 715 3438 in
736 3361 931 3441 ministros
948 3357 1115 3442 severihs
1132 3364 1316 3443 animad-

161 3474 261 3552 verti
288 3471 415 3581 poffit.
477 3473 523 3551 Id
552 3472 621 3551 nifi
654 3470 735 3565 fiat,
766 3500 892 3581 neque
923 3472 1141 3579 Majestatis
1166 3474 1317 3556 Vestrae

154 3585 318 3692 justitia,
348 3613 474 3692 neque
499 3583 628 3663 nostra
656 3581 847 3693 hujusque
873 3586 1048 3693 Reipub.
1074 3585 1316 3669 existimatio

160 3698 363 3791 vindicari,
386 3724 510 3804 neque
523 3696 790 3775 conservandae
805 3697 906 3776 inter
922 3718 1130 3806 utramque
1150 3718 1315 3804 gentem

160 3810 342 3891 amicitiae
363 3809 440 3888 ulla
455 3809 553 3888 ratio
567 3808 679 3887 firma
693 3807 766 3894 esse
779 3809 939 3918 poterit.
999 3808 1199 3914 Majestati
1214 3812 1317 3892 Ves-

162 3942 227 4002 trae
247 3923 391 4002 foelicia
411 3919 613 4029 faustaque
633 3920 766 4000 omnia
784 3947 1006 4029 precamur.

161 4052 225 4128 Ex
246 4047 397 4127 Palatio
411 4046 526 4155 nostro
542 4046 598 4124 W
593 4045 856 4156 ssmonasterii.

341 4163 448 4266 Aug.
471 4156 527 4237 die
553 4157 673 4264 1656.

453 4269 670 4376 Majestatis
690 4269 821 4350 vestrae
840 4269 1143 4351 Studiosrffimus

695 4380 887 4460 Oliveriur

503 4473 513 4491 ’
625 4495 823 4573 protector
846 4494 1020 4604 Reipub.
1043 4494 1216 4604 Angliae,
1238 4499 1315 4578 &c
