2956 4980
162 261 215 339 14
568 224 696 320 Artis
721 224 906 352 Logicae
1101 220 1212 317 Lib.
1239 264 1277 320 1.

160 424 290 491 mena,
312 396 388 477 five
407 397 572 492 interna,
598 425 677 478 non
702 397 772 491 est,
794 396 850 476 ibi
869 394 989 476 causae
1010 399 1314 505 procatartticae,

161 509 239 588 five
258 529 440 604 externe,
461 512 546 590 vim
565 511 716 589 nullam
736 510 824 589 effe.

215 621 283 701 Ad
291 624 445 702 causam
458 641 591 702 autem
602 621 990 732 procatardticamea
1002 618 1097 728 saepe
1110 620 1314 701 referenda

158 733 327 828 videtur,
346 735 374 813 fi
393 735 557 814 omnino
577 735 635 814 est
651 736 694 813 in
718 734 838 814 causis
863 733 1117 826 numeranda,
1138 762 1224 841 quae
1249 734 1313 813 su·

158 842 228 953 pra
258 845 362 925 dieta
392 847 447 926 est
476 847 588 953 caustz
610 847 696 952 ſsne
722 877 797 956 qua
826 874 916 935 nom
949 843 1142 950 fiquidem
1171 848 1313 953 quovis

161 955 281 1036 modo
312 957 467 1038 causam
494 958 730 1038 extrinsecus
754 984 914 1037 movere
941 957 1201 1066 principalem
1232 959 1315 1038 dici

188 1068 300 1149 otest.

159 1098 186 1179 p
215 1180 464 1288 Irssrumenta
490 1178 601 1259 etiam
626 1182 665 1261 in
688 1180 805 1284 causts
827 1178 1094 1285 arls'uvantibus
1120 1207 1314 1260 connume-

158 1310 314 1372 rantur.
375 1297 470 1402 Qo
490 1311 724 1399 argumento
742 1293 965 1403 Epicureus,
982 1293 1084 1401 apud
1105 1292 1185 1371 Cic.
1209 1319 1244 1370 1.
1263 1291 1314 1371 de

161 1424 242 1484 nat.
269 1405 377 1484 deor.
399 1403 569 1515 disputat
594 1405 792 1484 mundum
815 1431 1018 1512 nunquam
1042 1404 1115 1483 esse
1144 1401 1312 1498 fastum,

160 1513 237 1595 hoc
259 1519 379 1596 etiam
396 1516 628 1625 exemplum
648 1517 696 1597 ad
715 1517 856 1627 praxin
881 1516 1101 1596 retulimus.
1163 1515 1314 1594 Instru-

159 1647 292 1707 menta
311 1648 445 1708 autem
464 1627 622 1737 proprie
638 1656 717 1707 non
737 1648 874 1737 agunt,
889 1627 952 1707 sed
968 1647 1138 1734 aguntur
1155 1646 1223 1706 aut
1241 1627 1314 1707 ad·

154 1738 308 1845 juvant.
367 1742 420 1820 Et
439 1741 510 1848 qui
528 1739 685 1820 causam
703 1741 953 1846 adjuvantem
974 1739 1123 1818 nullam
1150 1739 1220 1818 nifi
1249 1739 1312 1818 in-

160 1849 376 1932 strumenta
402 1850 533 1946 habet,
567 1853 694 1960 potest
722 1852 825 1933 redte
848 1851 1029 1958 solitaria
1063 1849 1174 1956 causa
1204 1850 1311 1931 dici:

159 1990 388 2071 quanquam
408 1964 484 2042 lata
500 1964 715 2045 admodum
732 1964 981 2044 instrumenti
994 1962 1222 2070 fignificatio
1242 1963 1313 2043 ad·

160 2076 333 2156 mittitur
342 2106 355 2169 3
375 2093 420 2155 ut
435 2076 539 2183 apud
550 2076 710 2184 Arssot.
726 2078 844 2157 Polit.
864 2105 899 2155 1.
917 2073 1314 2183 3.·irstrumentasunt

158 2186 341 2282 animata,
360 2190 427 2268 vel
439 2187 657 2268 inanimata.
719 2193 814 2300 Qo
834 2187 941 2268 sensu
961 2214 1100 2268 omnes
1119 2185 1200 2265 ferd
1215 2214 1312 2268 cau-

160 2299 206 2407 sae
226 2298 449 2405 adjuvantes
473 2318 514 2380 et
536 2300 721 2381 ministrae
745 2301 902 2410 poffunt
924 2298 1215 2408 instrumentales
1238 2327 1313 2379 no-

159 2439 316 2491 mlnarl.

216 2523 285 2602 Ad
304 2521 411 2602 hunc
426 2523 560 2602 locum
579 2521 803 2604 referendus
827 2520 1140 2602 commodiffime
1155 2523 1314 2603 videtur

161 2632 363 2714 causarum
383 2636 495 2729 ordo,
512 2663 592 2742 quo
610 2637 685 2714 alia
704 2635 849 2715 dicitur
861 2635 1003 2742 prima,
1024 2634 1142 2742 idque
1159 2636 1222 2713 vel
1241 2635 1315 2714 ab·

161 2743 299 2839 solute,
312 2765 356 2825 ut
371 2747 496 2841 Deus,
512 2747 575 2826 vel
595 2748 635 2825 in
652 2747 719 2825 suo
734 2773 899 2852 genere;
922 2767 966 2826 ut
980 2746 1050 2838 sol,
1065 2765 1103 2826 et
1122 2745 1315 2851 ejusmodi
1355 2764 1363 2790 ⁰

160 2857 392 2967 quippiam3
413 2858 488 2937 alia
489 2857 677 2966 secundas
697 2878 737 2938 et
756 2859 806 2938 fic
826 2858 1023 2965 deincepS,
1043 2887 1130 2966 quae
1145 2856 1167 2936 a
1181 2860 1313 2966 prima

159 2970 222 3049 vel
241 2967 263 3048 ὲ
283 2970 478 3078 prioribus
502 2972 660 3080 pendet,
685 2989 726 3050 et
749 2970 854 3077 quafi
880 2969 1068 3049 effectum
1091 2969 1159 3048 est.
1219 2971 1315 3049 Alia

160 3082 301 3160 deinde
321 3101 459 3162 remota
478 3084 636 3175 dicitur,
657 3082 732 3162 alia
744 3082 938 3189 proxima:
955 3080 1036 3188 qud
1048 3081 1193 3190 spedtat
1212 3082 1314 3161 illud

160 3193 282 3299 vulgo
296 3193 467 3290 ditium3
489 3195 665 3304 quicquid
673 3195 721 3302 est
735 3194 846 3299 carisa
858 3192 1053 3301 causae,est
1071 3194 1181 3273 etiam
1200 3195 1313 3300 causta

159 3303 314 3410 causati.
373 3307 472 3414 Qae
499 3307 636 3413 regula
666 3307 707 3384 in
731 3306 852 3386 caufis
881 3307 1070 3385 duntaxat
1099 3306 1311 3386 neceffario

163 3418 263 3495 inter
283 3416 319 3494 se
340 3418 527 3498 ordinatis
547 3418 662 3497 valet.
715 3418 790 3497 Sed
807 3417 866 3498 hae
885 3417 1087 3497 causarum
1107 3417 1312 3497 divifiones

159 3527 200 3606 in
213 3529 363 3635 Logica
378 3557 457 3610 non
474 3557 712 3639 magnopere
732 3530 917 3610 sectanda
936 3530 1038 3625 sunt;
1065 3532 1312 3639 quandoqui-

160 3639 253 3720 dem
273 3657 353 3720 tota
373 3643 429 3720 vis
449 3643 637 3749 arguendi
658 3643 699 3721 in
719 3642 830 3722 causa
853 3644 1036 3750 Proxima
1058 3643 1309 3734 continetur;

159 3749 287 3859 deque
307 3779 352 3832 ea
372 3753 449 3834 sola
468 3754 659 3862 generalis
678 3753 855 3834 definitio
875 3753 993 3834 causae
1011 3753 1261 3861 intelligitur.
