2956 4980
391 220 554 316 Literae
580 217 775 317 Oliverii
800 219 1091 315 Protectoris.
1245 260 1324 342 325

166 389 329 471 novifie.
389 393 524 473 Priore
543 395 625 501 ejus
644 392 813 475 adventu
827 393 912 474 Cal.
925 394 1027 501 Jan.
1050 393 1135 503 post
1155 394 1324 474 redditas

130 576 139 590 ,
170 503 407 584 Celfitudini
434 506 567 586 vestrae
603 508 732 587 literas
769 507 929 599 nostras,
949 506 1150 614 vestraque
1189 508 1324 585 omnia

167 613 427 699 humanitatis
458 619 587 699 officia
618 618 756 699 nostris
787 618 1015 698 hominibus
1043 619 1147 698 ultro
1180 618 1321 716 delata,

168 731 396 836 petentibus
409 750 454 811 ut
465 752 602 840 portus
615 730 797 812 Ferrarii
806 731 1088 810 commoditate
1101 731 1159 809 uti
1172 731 1321 827 liceret,

169 838 397 948 responsum
411 843 483 937 est,
497 844 537 922 id
552 844 716 925 concedi
733 871 811 924 non
827 842 947 953 pofie,
961 870 1010 921 ne
1023 843 1113 922 Rex
1126 842 1323 951 Hffpaniae

168 949 318 1034 scilicet
343 954 472 1035 noster
497 953 617 1035 hostis
641 955 919 1037 offenderetur.
980 956 1033 1033 Et
1062 972 1193 1033 tamen
1224 955 1321 1062 quid

167 1063 347 1173 estquod
366 1068 548 1206 princeps
563 1069 714 1148 amicus
732 1067 861 1147 amico
882 1066 1051 1176 praebere
1069 1069 1322 1148 communius

166 1176 299 1285 poffit,
311 1207 433 1288 quam
453 1180 593 1261 littoris
613 1209 658 1260 ac
677 1200 812 1288 portus
832 1179 1012 1258 aditum?
1030 1176 1200 1286 quidest
1215 1179 1322 1288 quod

167 1314 240 1369 nos
270 1295 478 1399 expectare
503 1290 552 1372 ab
576 1292 801 1398 hujusmodi
825 1290 999 1370 amicitia
1023 1288 1211 1397 pofirm'us
1236 1319 1323 1399 quae

164 1397 342 1481 hostium
368 1404 590 1484 nostrorum
612 1405 792 1484 animum
815 1430 864 1482 ne
890 1400 1078 1495 offendat,
1098 1403 1322 1483 incommo-

167 1513 262 1594 dare
281 1514 394 1596 nobis
412 1513 533 1625 quarn
554 1518 821 1609 commodare,
842 1533 909 1595 aut
927 1513 990 1594 vel
1008 1514 1186 1594 minimis
1206 1516 1321 1597 rebus

167 1624 373 1707 subvenire
393 1629 563 1737 paratior
578 1629 650 1708 fit?
700 1632 753 1709 Et
766 1629 899 1735 primo
913 1625 1077 1733 quidem
1094 1654 1144 1705 ex
1159 1628 1319 1735 fingulis

166 1737 333 1820 navibus
352 1739 506 1821 duobus
525 1742 588 1821 vel
617 1739 739 1820 tribus
766 1740 894 1819 nautis
920 1738 1109 1817 duntaxat
1134 1741 1321 1821 extensus

165 1849 210 1928 in
236 1870 395 1946 terram,
427 1853 503 1932 five
530 1853 820 1933 commercium
846 1851 984 1958 (quam
1008 1877 1076 1930 vos
1102 1851 1320 1934 Praeticarn

165 1965 332 2070 vocatis)
354 1964 411 2044 est
429 1964 592 2045 datum:
623 1992 720 2045 mox
740 1984 785 2044 ut
803 1963 984 2043 auditum
1008 1961 1064 2041 est
1090 1962 1131 2041 in
1155 1965 1318 2073 oppido,

165 2101 311 2155 navem
329 2077 526 2184 quandam
551 2077 756 2184 Belgicam,
777 2103 862 2186 quae
890 2073 1137 2155 frumentum
1166 2076 1206 2155 in
1226 2078 1321 2184 Hff·

157 2187 317 2294 puniam
350 2189 544 2298 portabat,
579 2186 601 2267 ὲ
631 2188 770 2268 nostris
802 2187 876 2267 effe
908 2186 1180 2296 interceptam,
1212 2189 1319 2296 quod

165 2318 250 2379 erat
272 2320 385 2380 antea
409 2301 641 2382 commercii
668 2300 798 2380 statim
824 2299 1034 2402 adimitur;
1065 2299 1321 2405 Langlandius

164 2411 237 2518 qui
262 2412 399 2492 nostris
418 2413 497 2493 illis
517 2411 807 2494 Mercatoribus
829 2409 1016 2519 praefidet,
1036 2409 1192 2490 claffem
1212 2412 1318 2493 adire

163 2548 245 2601 non
273 2525 540 2633 permittitur;
570 2527 743 2634 aquatio,
763 2551 849 2634 quae
874 2520 1058 2604 omnibus
1090 2549 1169 2604 non
1202 2524 1318 2631 pland

164 2630 343 2715 hostibus
360 2636 482 2718 libera
492 2637 561 2732 est,
575 2665 653 2718 non
673 2637 744 2716 fibi
756 2637 826 2716 nifi
841 2634 911 2714 sub
923 2635 1081 2715 armatis
1094 2635 1317 2719 custodibus

163 2746 305 2856 iniquo
340 2750 484 2858 pretio,
515 2768 555 2829 et
584 2749 749 2860 quidem
782 2745 976 2856 egerrime
1004 2747 1222 2855 praebetur:
1259 2767 1317 2830 tot

163 2859 305 2938 nostris
316 2860 608 2942 Mercatoribus
624 2862 694 2970 qui
712 2888 791 2940 non
812 2861 891 2940 fine
910 2860 1088 2938 maximo
1099 2859 1316 2941 vestrorum
1371 2912 1374 2919 -

163 2972 437 3054 emolumento
452 2974 536 3052 illic
549 2975 761 3065 versantur,
770 2971 859 3051 ‘suos
871 2999 921 3051 ne
934 2969 1098 3050 invisant
1110 2972 1316 3080 populares

163 3103 232 3189 aunt
267 3083 346 3165 ulla
379 3113 421 3165 re
452 3085 637 3191 adjuvent
666 3084 925 3165 interdicitur.
984 3082 1200 3162 Posteriore
1233 3083 1314 3190 ejus

162 3193 333 3275 adventu
361 3195 429 3276 sub
456 3197 612 3277 exitum
638 3196 778 3276 menfis
797 3193 955 3287 Martii,
975 3193 1143 3300 egressus
1169 3222 1220 3275 ex
1243 3221 1314 3275 na-

161 3305 277 3386 vibus
296 3309 447 3388 nemini
466 3309 604 3389 datur:
636 3309 775 3419 quinto
794 3306 881 3417 post
898 3306 962 3386 die
977 3302 1072 3385 cbm
1091 3307 1314 3387 naviculam

162 3419 362 3527 quandam
398 3422 686 3530 Neapolitanam
714 3420 892 3529 praetoria
921 3419 1029 3498 navis
1058 3418 1187 3498 nostra
1212 3419 1313 3498 inci-

159 3530 322 3611 dentem
345 3533 387 3611 in
413 3560 484 3613 nos
510 3531 611 3614 fortd
638 3532 849 3641 excepisset
873 3531 1041 3611 ducenta
1062 3531 1150 3638 plus
1181 3532 1313 3612 minus

159 3659 356 3724 tormenta
368 3644 417 3725 ab
430 3645 580 3754 oppido
595 3645 751 3725 claffem
767 3643 897 3723 versus
915 3641 1191 3751 disploduntur
1210 3672 1313 3753 quo-

159 3780 253 3834 rum
272 3755 429 3835 nullum
448 3758 529 3837 istu
550 3784 620 3837 nos
647 3756 738 3838 laefit
765 3784 814 3836 ne
834 3756 967 3862 attigit
986 3755 1174 3862 quidem:
1205 3755 1312 3862 quod

159 3885 395 3974 argumento
408 3868 483 3947 efie
502 3869 629 3977 potest
647 3865 768 3977 quam
788 3864 905 3973 longd
917 3865 999 3945 haec
1014 3863 1037 3943 a
1051 3865 1173 3944 Portu
1193 3885 1312 3974 atque
1368 3924 1373 3931 -

159 3978 308 4058 castelli
326 3979 476 4061 ditione
505 3983 545 4060 in
571 3981 650 4062 alto
677 3997 918 4088 gererentur,
937 4004 1024 4086 quae
1042 3974 1186 4058 vestros
1203 3977 1313 4086 quati

157 4109 278 4197 portu
289 4091 437 4173 violato
450 4092 500 4171 stc
512 4092 590 4171 fine
602 4092 713 4172 causa
727 4093 946 4171 irritarunt:
967 4086 1175 4169 confestim
1190 4117 1313 4198 aqua·

158 4219 294 4281 torum
309 4203 531 4284 nostrorum
547 4202 696 4312 scaphae
710 4205 811 4285 intra
830 4221 991 4311 portum
1006 4221 1311 4310 oppugnantur;

159 4339 238 4393 una
253 4316 423 4424 capitur,
435 4314 656 4409 detinetur3
676 4313 967 4425 reposcentibus
982 4340 1110 4421 neque
1127 4312 1313 4422 scapham

156 4450 289 4535 neque
308 4425 489 4510 homines
518 4428 718 4510 redditum
745 4428 793 4508 iri
818 4424 1083 4530 respondetur,
1104 4424 1175 4505 nifi
1199 4444 1315 4536 capta
