2956 4980
169 255 248 336 134
580 217 707 310 Artis
733 215 919 344 Logicae
1112 208 1221 307 Lib.
1245 249 1285 304 2.

164 389 290 496 gismo
311 388 463 499 disponi
489 409 685 500 oportere,
706 386 800 468 hinc
827 385 942 468 facile
968 386 1222 497 perspicuum
1250 386 1319 480 est,

164 530 326 612 peccare
346 531 506 582 omnem
527 501 797 611 syllogismum
823 502 863 579 in
888 497 989 580 hanc
1008 501 1230 580 doctrinam
1251 527 1320 606 ge-

165 613 352 708 neralem,
374 617 414 693 in
438 645 517 724 quo
543 617 701 694 termini
720 614 782 693 vel
811 614 942 722 plures
970 614 1088 692 ternis
1109 612 1320 720 disponan-

166 745 243 820 tur,
257 728 320 806 vel
333 729 534 836 pauciores
549 758 558 806 ε
581 727 742 806 termini
753 747 886 805 autem
900 753 977 804 non
991 745 1072 804 tarn
1086 724 1174 804 sunt
1186 723 1318 818 verba,

166 836 287 947 quim
307 840 516 919 verborum
536 840 662 920 sensus
682 859 721 918 et
740 838 1053 946 significationes.

223 952 413 1032 Peccatur
428 972 562 1031 autem
580 953 757 1032 terminis
778 950 970 1060 pluribus,
983 951 1047 1028 vel
1066 949 1239 1057 apertius
1257 948 1318 1027 vel

166 1065 318 1144 tectius.
377 1065 580 1173 Apertius,
615 1066 677 1168 (ut
706 1062 873 1172 puerilia
903 1062 951 1141 de
983 1080 1161 1154 accentu,
1194 1059 1321 1167 ligurit

164 1175 361 1269 dictionis,
389 1178 580 1284 plurium,
601 1205 687 1285 quae
713 1175 857 1255 dicitur
886 1175 1255 1280 interrogationum,
1280 1192 1320 1251 ct

166 1286 306 1367 similia
333 1290 532 1395 omittam)
562 1286 656 1368 clun
683 1308 760 1368 tres
790 1287 949 1366 termini
977 1284 1157 1365 distincte
1177 1313 1320 1365 nume-

166 1421 300 1480 rantur
327 1403 367 1480 in
390 1402 677 1511 propofitione:
711 1420 768 1494 ut,
789 1400 878 1508 quia
895 1399 944 1508 est
962 1397 1073 1479 bonus
1094 1417 1131 1477 et
1150 1397 1321 1477 dialecti-

164 1541 243 1605 cus,
260 1513 291 1592 ir
309 1513 357 1622 est
375 1512 487 1594 bonus
504 1514 746 1605 dialecticum
778 1513 974 1592 Cleanthes
992 1513 1041 1620 est
1059 1510 1170 1591 bonus
1185 1529 1222 1589 et
1237 1509 1321 1589 dia-

165 1624 316 1705 letricus
328 1657 343 1716 ;
378 1655 479 1735 ergo,
511 1626 698 1735 rytbonus
731 1625 957 1705 dialeslr'cus.
1032 1625 1131 1702 Haec
1167 1621 1322 1702 fallacia

165 1739 419 1847 composttionis
456 1741 623 1834 dieitur;
669 1741 762 1846 quia
798 1737 919 1817 divisa
956 1736 1059 1816 male
1098 1737 1320 1844 componit.

167 1850 339 1943 Contra;
370 1851 438 1959 qui
451 1853 500 1960 est
514 1851 625 1931 bonus
639 1849 865 1943 dalaricus,
881 1850 913 1929 is
931 1849 979 1957 est
995 1849 1106 1928 bonus
1125 1867 1162 1927 et
1180 1847 1323 1928 dritlec-

165 1961 264 2041 ticus
276 1993 290 2053 ,·
323 1965 533 2057 Cleanthes,
563 1967 638 2044 &c
698 1965 796 2043 Haec
834 1961 987 2041 fallacia
1022 1961 1077 2040 est
1106 1959 1295 2066 droiſsonr's
1306 1990 1321 2051 ,·

165 2074 258 2180 quia
274 2077 487 2185 compotita
504 2076 606 2154 male
621 2077 762 2155 dividit
776 2105 786 2168 3
808 2073 870 2153 vel
886 2075 979 2183 quia
993 2073 1209 2181 compofita
1225 2100 1322 2180 pro·

166 2187 292 2293 ponit,
324 2188 443 2267 divisa
473 2187 688 2268 concludit.
748 2188 861 2266 Idem
896 2188 1162 2267 committitur
1196 2186 1322 2264 etiam

166 2298 244 2378 fine
273 2301 572 2406 conjunclione:
614 2319 671 2394 ut,
702 2297 813 2379 bonus
841 2298 1068 2380 citharaedus
1096 2298 1144 2404 ιβ
1175 2296 1322 2389 bonus,-

165 2412 270 2490 Nero
289 2413 338 2520 est
356 2412 467 2493 bonus
486 2411 732 2504 cr'tharoedus3
752 2441 852 2519 ergo,
865 2410 990 2492 bonus.
1027 2413 1152 2492 Bonus
1166 2409 1324 2518 duplici

165 2522 445 2628 fignificatione
475 2553 567 2604 cum
595 2524 795 2604 citharoedo
821 2523 1051 2632 disponitur,
1077 2524 1118 2603 in
1141 2523 1322 2658 propost-

165 2636 296 2729 tione;
328 2658 496 2744 quatuor
523 2664 617 2744 ergo
649 2638 819 2718 termini.
879 2638 944 2716 Sic
970 2638 1089 2714 etiam
1117 2662 1214 2713 cum
1241 2663 1322 2714 non

165 2746 304 2828 iisdem
317 2749 444 2828 verbis
459 2749 565 2828 aliud
578 2746 693 2857 plane
707 2749 955 2858 proponitur,
969 2747 1075 2827 aliud
1087 2745 1294 2827 assumitur
1310 2777 1320 2825 ε

165 2878 223 2954 ut,
243 2860 397 2940 dextera
418 2861 562 2970 Deiss
581 2860 738 2970 ubique;
769 2861 980 2939 humanr'tas
1001 2859 1144 2967 Christi
1143 2857 1254 2964 fidet
1270 2859 1328 2940 ad

164 2972 335 3054 dextram
356 2975 438 3054 Dei
446 3006 460 3067 ;
490 3004 591 3082 ergo,
613 2973 825 3054 humanitas
846 2973 1052 3084 Christiest
1071 2970 1216 3080 ubique.

132 3126 136 3132 ·
222 3085 385 3212 'sectius
405 3087 496 3166 verb
524 3104 720 3196 peccatur,
741 3085 804 3164 vel
830 3086 1063 3195 homonymia,
1083 3084 1146 3163 vel
1174 3081 1323 3191 amphi-

165 3195 236 3275 bolr
265 3260 274 3277 .

223 3309 496 3416 Homonymia
513 3308 587 3388 five
604 3309 851 3418 aquivocatio
870 3304 1207 3417 est,primb,ci1m
1228 3306 1323 3385 fim-

165 3419 278 3528 plicis
310 3423 415 3500 vocis
447 3422 511 3500 seu
547 3422 706 3500 termini
741 3421 870 3513 unius,
902 3418 1133 3526 fignificatio
1168 3418 1322 3526 duplex

164 3534 349 3641 ponitur:
382 3552 439 3627 ut,
460 3534 512 3613 leo
537 3535 586 3641 est
612 3534 747 3643 bestias
777 3533 828 3611 leo
847 3531 894 3640 est
916 3535 1054 3640 Papa;
1084 3559 1186 3637 ergo,
1207 3532 1323 3639 Papa

163 3643 353 3754 rssbessia.
415 3645 607 3740 Secundo,
628 3643 722 3725 cum
743 3664 1023 3751 argumentum
1050 3644 1090 3722 in
1111 3670 1188 3722 una
1208 3661 1323 3752 parte

163 3759 335 3865 proprie,
357 3757 397 3836 in
424 3758 544 3837 altera
571 3757 720 3868 tropice
749 3759 930 3866 ponitur;
962 3756 1024 3836 vel
1050 3758 1091 3834 in
1111 3783 1188 3834 una
1208 3772 1321 3864 parte

164 3896 235 3976 pro
255 3871 391 3978 reipsa,
411 3871 450 3949 in
472 3869 591 3949 altera
611 3899 683 3979 pro
703 3869 895 3950 artificiali
914 3868 1045 3977 aliqua
1065 3869 1225 3948 notione
1246 3869 1320 3947 rei.

163 3981 406 4085 Hujusmodi
426 3982 513 4061 sunt
532 3985 677 4062 artium
693 3982 905 4062 vocabula:
938 4003 996 4076 ut,
1010 3998 1140 4089 potens
1158 3980 1207 4090 est
1218 3996 1322 4088 par-

163 4093 358 4203 ticipium,
387 4124 456 4174 rex
489 4096 538 4202 ςβ
565 4113 721 4203 potens,·
753 4124 854 4201 ergo,
886 4123 954 4172 rex
984 4093 1319 4203 estparticipium.

163 4205 326 4287 Animal
354 4207 402 4316 est
432 4236 575 4314 genus,·
606 4209 704 4287 homo
737 4207 785 4316 est
819 4206 962 4286 animal
970 4237 984 4298 ;
1014 4235 1116 4314 ergo,
1143 4205 1323 4315 hernorst

188 4349 290 4400 enus.

157 4347 188 4425 g
217 4429 480 4541 Amphibolia
500 4433 576 4511 five
597 4430 833 4539 ambiguitas
853 4432 915 4511 vel
936 4432 977 4510 in
998 4428 1150 4538 syntaxi
1169 4430 1240 4525 est,
1257 4429 1321 4511 vel
