2956 4980
277 264 333 342 90
676 228 804 323 Artis
828 227 1013 357 Logicae
1214 220 1325 321 Lib.
1356 262 1391 319 1.

277 432 368 483 rum
383 420 591 482 nautarum
609 428 759 509 genus;
788 420 931 511 partes,
951 400 1105 480 malum
1123 398 1321 492 scandere,
1337 426 1419 477 cur·

276 515 402 608 fitare,
429 517 505 594 sec.
551 515 650 620 Qae
676 534 807 593 tamen
828 532 953 592 nautae
970 533 1016 591 ut
1034 513 1154 592 totius
1177 512 1254 592 five
1273 511 1420 621 generis

277 645 407 736 partes
426 627 502 705 five
526 624 671 734 species
691 653 771 706 non
791 625 892 718 sunt,
914 623 978 704 sed
997 623 1231 733 specierum,
1251 624 1281 703 i.
1297 651 1334 708 e.
1351 623 1420 702 fin-

278 738 465 846 gulorum
492 757 697 816 nautarum
724 736 863 817 effecta
887 736 964 815 five
988 736 1134 830 officia,
1164 735 1313 845 quibus
1339 735 1421 845 ipsae

277 851 437 988 species,
454 851 481 928 i.
496 878 532 927 e.
551 849 691 956 finguli
707 869 832 929 nautae
847 850 948 928 inter
961 846 998 926 se
1010 848 1319 956 distinguuntur.
1350 847 1424 926 Ve-

277 991 369 1043 rum
383 980 532 1069 quanto
547 959 628 1040 haec
647 961 869 1040 distributio
884 957 1154 1070 imperfestior
1167 959 1238 1053 esi,
1251 978 1362 1039 tanto
1374 958 1424 1039 cst

278 1073 536 1182 frequentior.
569 1072 670 1152 Usus
682 1093 814 1153 autern
830 1073 938 1152 illius
953 1073 1172 1182 praecipuus
1185 1072 1257 1167 est,
1274 1090 1321 1152 ut
1340 1099 1424 1181 per-

276 1183 449 1266 festioris
468 1186 666 1264 raritatem
686 1184 888 1293 suppleat;
918 1181 1014 1263 cinn
1033 1184 1257 1264 distributio
1274 1183 1423 1292 generis

278 1298 498 1491 ifinspecies,
522 1316 567 1376 ut
589 1297 854 1406 supradictum
877 1296 948 1390 est,
970 1315 1051 1376 tam
1074 1296 1247 1377 difficilis
1267 1297 1424 1376 inventu

310 1428 338 1490 t.

369 1687 495 1767 CAP.
518 1686 720 1767 XXVIII.
751 1687 816 1767 De
835 1684 1106 1795 Dssributione
1123 1684 1346 1793 >stebjehiin

398 1891 411 1909 ·
452 1914 461 1921 »
490 1860 630 1970 Eliqua
653 1857 857 1968 dssributio
879 1858 928 1966 est
948 1856 1046 1939 modo
1067 1857 1221 1968 quodam
1240 1858 1424 1966 consenta-

408 1975 470 2089 ΑΞ»
517 2001 678 2065 neorum,
697 1968 1001 2077 utsttbjeblorum
1016 1989 1057 2050 rt
1075 1969 1350 2077 acsj'uneiorum.

356 2084 368 2099 ⁸
385 2140 390 2159 ,
410 2073 470 2188 s}
565 2082 790 2192 Distributio
805 2082 1010 2189 tstrbjenis
1023 2082 1086 2191 est,
1103 2080 1186 2163 crim
1193 2101 1331 2194 partes
1335 2084 1426 2191 sunt

296 2236 302 2249 ν
363 2176 471 2250 'Q
505 2195 693 2303 snbjeiia.
742 2195 788 2273 Id
808 2196 864 2276 est
882 2194 1041 2303 quando
1056 2223 1156 2274 verae
1171 2216 1299 2305 partes
1316 2196 1426 2276 intel-

280 2306 388 2388 Iesiae
407 2306 586 2413 subjectis
606 2306 899 2413 distinguuntur
917 2306 980 2386 vel
999 2305 1296 2389 adumbrantur.

395 2421 457 2499 Ut
475 2420 580 2529 apud
600 2418 820 2502 Catullum:

340 2582 550 2690 Virginitas
567 2610 637 2662 non
655 2599 735 2661 tota
754 2600 823 2660 tua
841 2581 916 2692 est:
945 2612 991 2662 ex
1004 2599 1120 2691 parte
1131 2599 1337 2691 parentum
1353 2582 1412 2693 est.

338 2692 471 2775 Tertia
483 2710 580 2802 pars
597 2694 716 2773 matri
730 2692 836 2786 data,
850 2712 947 2803 pars
964 2693 1056 2775 data
1074 2694 1192 2774 tertia
1204 2694 1346 2804 patri:

341 2803 474 2887 Tertia
477 2807 564 2914 sola
583 2821 652 2884 tna
670 2805 743 2913 est:
774 2805 852 2884 noli
859 2822 1035 2914 pugnare
1052 2805 1203 2900 duobus,

337 2918 418 3028 Qi
428 2948 563 3027 genero
567 2917 647 3024 stra
653 2916 755 3025 jura
758 2916 881 3022 fimus
894 2946 976 2998 cnm
995 2917 1075 2997 dote
1092 2917 1286 3000 dederunt.

337 3092 555 3200 Virginitas
576 3091 715 3199 puellae
734 3089 796 3168 vel
806 3088 871 3195 jus
884 3080 1015 3199 potius
1033 3092 1270 3199 virginitatis
1290 3092 1335 3171 in
1356 3111 1429 3172 tres

281 3222 409 3314 partes
435 3202 623 3282 dividitur
649 3202 826 3307 subjectis
850 3202 1063 3297 distinctas,
1092 3222 1231 3297 matre,
1257 3223 1370 3313 patre
1394 3222 1432 3285 et

281 3315 362 3424 ipsa
384 3312 528 3421 puella.
588 3313 773 3393 Alterum
799 3315 1033 3424 exemplum
1059 3342 1109 3393 ex
1137 3342 1224 3425 cap.
1255 3317 1325 3397 26.
1354 3315 1433 3397 huc

282 3424 525 3518 transfertur,
549 3424 687 3532 Virgil.
715 3452 751 3504 1.
772 3426 924 3534 Georg.
974 3426 1059 3506 Ubi
1086 3435 1203 3536 poe'ta
1228 3427 1434 3510 exorditur

280 3566 380 3649 opus
395 3537 509 3616 suum
526 3533 748 3615 idivifione
764 3538 805 3615 in
819 3557 987 3645 quatuor
1001 3558 1145 3649 partes,
1161 3538 1345 3646 subjedtis
1359 3540 1434 3620 suis

279 3648 562 3759 occupantibus
572 3649 785 3743 distinctas,
798 3649 958 3758 segetes,
971 3651 1142 3745 arbores,
1154 3677 1313 3761 pecora,
1327 3679 1432 3767 apes.

337 3811 579 4006 {gtidfasiat
599 3812 711 3891 laetas
716 3809 879 3918 segetes,
899 3811 1100 3921 quoſsdere
1117 3829 1265 3893 terram

375 3944 511 4018 ertere,
532 3926 741 4017 Maecenas,
763 3920 940 4034 ulmisque
959 3922 1163 4032 effungere
1182 3924 1281 4009 vites

338 4035 572 4119 Conveniat:
603 4064 686 4144 quae
705 4064 800 4116 cura
818 4034 936 4132 boum,
954 4036 1023 4146 qui
1037 4037 1161 4118 cultus
1177 4036 1342 4119 habendo

337 4151 398 4232 Sit
410 4147 551 4257 pecori,
569 4165 681 4256 atque
699 4146 831 4257 apibus
848 4166 992 4258 quanta
1009 4147 1238 4260 experientiis
1249 4149 1398 4261 parcit,

338 4262 443 4348 Hinc
461 4288 593 4341 canere
612 4259 797 4370 incipiam.

335 4436 523 4520 Tertium
542 4433 775 4544 exemplum
802 4462 852 4515 ex
880 4435 1020 4516 eodem
1048 4436 1170 4517 etiam
1197 4436 1330 4547 capite
1357 4432 1433 4515 huc
