2956 4980
173 267 268 351 270.
399 227 563 322 Literae
588 223 781 321 Oliverii
802 222 1094 320 Proteitioria

170 567 370 647 Oliverius
394 569 594 649 Protebbor
614 563 1073 677 Reipub.Angl1ae,&c.
1100 561 1332 667 Excestset

217 679 510 789 praepotentibus
534 679 705 761 Dominis
732 677 929 758 Foederati
960 674 1091 782 Belgii
1119 670 1330 754 Ordinibus

167 952 323 1032 Excelfi
339 972 378 1032 et
393 971 649 1062 prepotentes
669 952 855 1046 Domini,

307 1066 427 1144 amict
416 1062 682 1154 chariffimi;

169 1184 553 1383 Canueruntur
566 1187 669 1295 apud
685 1212 754 1264 nos
773 1185 942 1291 graviter
957 1183 1094 1277 iidem,
1107 1183 1159 1263 de
1171 1183 1321 1291 quibus

290 1317 402 1379 antea
419 1326 523 1379 cuca
542 1298 629 1377 idus
650 1300 720 1405 Sep
721 1294 829 1376 temb.
851 1295 1059 1406 superioris
1075 1297 1169 1375 anni
1191 1299 1321 1376 literas

166 1410 215 1487 ad
230 1438 298 1490 vos
324 1411 519 1504 dedimus,
539 1314 720 1490 Thomasp
710 1426 750 1487 et
769 1410 831 1487 Gu
832 1409 973 1488 lielmus
988 1408 1129 1487 Loaner
1144 1406 1323 1487 defunffl

168 1522 349 1603 M'cbolai
373 1525 511 1602 Lower
537 1520 707 1601 haeredes
733 1519 920 1627 legitimi,
949 1519 987 1598 se
1012 1519 1322 1599 adversariorum

166 1632 325 1714 suorum
353 1635 427 1714 five
459 1635 583 1743 gratia
610 1633 684 1713 five
715 1632 857 1741 opibus
892 1630 1104 1740 oppressos,
1140 1631 1322 1740 quamvis

166 1745 278 1824 causa
299 1747 582 1856 sua1mprimis
601 1747 767 1854 optima,
781 1762 834 1842 et,
848 1771 941 1824 cum
956 1742 997 1821 id
1017 1743 1104 1822 satis
1119 1770 1201 1823 non
1214 1744 1319 1837 esset,

166 1855 288 1937 literis
304 1860 424 1938 etiam
438 1859 575 1938 nostris
595 1875 653 1936 ter
663 1857 848 1964 deinceps
860 1854 1131 1936 commendati
1146 1853 1318 1949 fuissent,

166 1967 377 2076 impetrare
397 1970 583 2050 haetenus
597 1969 706 2049 nullo
720 1971 840 2048 modo
859 1967 965 2076 pofie
984 1985 1029 2046 ut
1048 1967 1231 2046 relictam
1247 1967 1319 2047 tes-

168 2095 342 2160 tamento
356 2079 623 2161 hareditatem
635 2080 742 2160 adire
760 2079 831 2159 fibi
851 2080 996 2159 liceat:
1021 2080 1088 2159 Ab
1104 2078 1320 2159 Hollandiae

165 2189 251 2270 foro
272 2193 340 2272 ubi
359 2189 537 2303 primbm
558 2195 659 2272 abtio
679 2191 854 2272 instituta
873 2208 956 2272 erat
975 2190 1142 2270 vestram
1163 2192 1214 2270 ad
1235 2192 1318 2270 Cu·

164 2303 265 2382 riam
285 2305 431 2411 rejebti,
452 2306 582 2385 inde
571 2333 612 2383 ιη
638 2302 857 2385 Zelandiam
886 2302 1088 2383 transmiffi
1115 2303 1221 2410 (quae
1247 2305 1319 2383 tria

165 2416 207 2494 in
228 2416 313 2496 loca
333 2419 498 2498 totidem
519 2417 664 2496 nostras
678 2417 807 2496 literas
819 2413 1049 2521 attulerunt)
1067 2413 1213 2494 abl
1133 2420 1193 2494 Ze
1194 2415 1320 2496 laudii

163 2554 268 2605 nunc
289 2530 416 2609 rursus
435 2529 483 2608 ad
503 2529 677 2608 vestrum
697 2527 900 2609 summum?
911 2526 1110 2633 judicium
1130 2524 1270 2607 haud
1258 2555 1318 2606 m-

163 2639 234 2716 viti
259 2642 538 2720 remittuntur.
570 2640 639 2719 ubi
662 2641 770 2718 enim
794 2640 961 2747 potestas
989 2637 1142 2717 summa
1164 2639 1238 2733 est,
1263 2639 1316 2717 ibi

163 2749 388 2857 aequitatem
407 2780 567 2861 quoque
594 2751 790 2831 summam
815 2751 888 2831 effe
909 2752 1087 2861 sperant·
1120 2750 1148 2829 fi
1168 2779 1215 2829 ea
1235 2751 1317 2859 spes

162 2859 288 2955 fallat,
309 2864 401 2945 elufi
423 2883 540 2973 atque
559 2864 675 2956 irriti,
696 2863 783 2974 post
802 2860 903 2942 hanc
923 2880 1073 2942 tantam
1091 2862 1193 2968 juris
1212 2862 1317 2942 obti-

162 2974 282 3052 nendi
294 2976 406 3056 caufi
418 2975 753 3055 concursationem
769 2974 890 3067 suam,
907 3002 1030 3082 quem
1046 2973 1213 3053 demum
1225 3003 1318 3054 con-

67 3146 76 3152 .
162 3086 314 3165 fistendi
332 3089 465 3167 locum
486 3087 658 3167 habituri
679 3087 766 3179 fint,
783 3087 983 3165 nesciunt:
1015 3113 1107 3166 nam
1127 3087 1175 3165 de
1198 3086 1318 3166 literis

160 3199 313 3289 nostris,
331 3201 357 3279 fi
378 3198 467 3280 his
451 3228 536 3306 Jam
553 3199 699 3304 quartis
719 3225 789 3277 nos
803 3198 974 3277 viderint
990 3197 1091 3276 nihil
1110 3197 1316 3306 proficere,

160 3336 239 3389 non
266 3310 320 3388 est
350 3331 392 3391 ut
417 3313 456 3391 in
478 3311 677 3420 posterum
702 3311 918 3418 quicquam
944 3309 1013 3388 fibi
1039 3309 1313 3418 polliceantur.

162 3422 292 3500 Nobis
312 3422 417 3502 certe
437 3424 698 3530 gratiffimum
719 3423 806 3514 erit,
828 3421 854 3500 fi
881 3420 967 3529 post
993 3440 1051 3499 tot
1071 3420 1315 3525 rejectiones,

161 3530 263 3612 fabio
277 3533 354 3612 fine
371 3563 480 3613 mora
494 3535 661 3638 judicio,
677 3532 844 3612 haeredes
857 3534 1077 3642 plurimum
1094 3533 1261 3638 quidem
1274 3537 1314 3614 in

158 3647 340 3752 aequitate
361 3665 478 3755 atque
492 3646 644 3752 justitia
656 3645 792 3738 vestri,
807 3644 956 3753 aliquid
971 3647 1092 3724 etiam
1108 3647 1150 3722 in
1169 3644 1313 3726 autho·

159 3757 271 3836 ritate
291 3758 395 3867 apud
410 3787 477 3838 vos
494 3758 620 3837 nostri
635 3756 798 3866 praefidii
814 3756 884 3835 fibi
899 3755 1010 3836 fuifie
1024 3757 1311 3838 intellexerint.

158 3871 343 3976 Qorum
364 3871 412 3949 de
432 3871 553 3950 altero
573 3897 652 3948 non
672 3869 912 3961 dubitamus,
934 3869 1106 3948 alterum
1125 3870 1188 3949 vel
1210 3872 1312 3951 ami·

157 3981 258 4059 citiae
278 3983 413 4061 nostrae
432 3984 588 4063 daturos
608 4009 675 4060 vos
695 3981 769 4061 effe
789 3980 1038 4060 confidimus.

243 4094 562 4203 Westmonasterio.
623 4093 740 4186 Maii,
767 4095 815 4172 16
821 4095 887 4199 56.

319 4207 573 4285 Excelsarum
593 4226 632 4285 et
653 4205 953 4314 praepotentium
973 4204 1311 4285 Dominationum

534 4317 749 4397 vestrarum
771 4316 1088 4410 Studiofiffimus,

437 4429 629 4509 Oltbertus
649 4431 817 4510 Protect.
841 4428 1014 4538 Reipub.
1038 4425 1210 4536 Angliae,
1232 4429 1306 4508 ὄις.
