2956 4980
82 240 199 371 Cap.
226 280 265 361 3.
395 237 584 337 Plenior
611 237 859 338 Institutio.
1130 287 1208 365 109

314 693 445 773 CAPt
464 693 542 774 111.
575 694 639 773 De
661 695 756 774 Vero
772 714 809 775 et
834 696 955 801 Faffo.

131 884 181 921 t
200 875 208 882 ’
237 865 389 946 ³Xioma
405 864 532 946 deinde
550 865 599 974 est
617 895 749 947 verum
769 886 840 949 aut
849 868 927 977 fal
937 899 1010 949 um.

73 1072 87 1086 Μ
102 971 165 1083 ssi
184 993 210 1072 ζ
234 1039 241 1080 Ἰ.
339 979 432 1058 Hoc
449 976 596 1058 scilicet
612 1007 662 1059 cx
678 981 937 1061 affirmatione
948 1001 988 1061 et
1004 984 1211 1090 negatione

137 1146 154 1186 .··
280 1089 325 1169 fit
348 1090 573 1196 judicium:
603 1088 699 1171 cum
726 1094 836 1172 enim
862 1094 1104 1175 affirmantur
1127 1125 1214 1205 quae
1334 1116 1337 1121 ’

68 1197 101 1235 ’“
127 1196 138 1223 '
159 1211 161 1213 ’
201 1221 228 1238 ’
280 1202 508 1283 affirmanda
528 1201 630 1296 sunt,
647 1222 688 1282 et
705 1224 898 1311 negantur
916 1234 1003 1314 quae
1021 1208 1211 1315 neganda,

56 1319 262 1401 axiomata
281 1314 510 1421 judicantur
528 1343 641 1409 vera;
673 1334 712 1394 et
738 1315 888 1396 contra.
948 1317 1066 1397 Unde
1092 1319 1213 1428 Arss.

54 1428 105 1508 de
126 1428 340 1536 Interprct.
367 1454 403 1506 1.
424 1427 463 1506 in
489 1425 730 1535 composttione
755 1447 792 1509 et
817 1428 988 1534 diuistone
1010 1428 1060 1537 ast
1084 1458 1215 1513 verum

54 1538 297 1647 autfaffirm.
357 1538 517 1618 Falsum
537 1557 670 1619 autem
695 1567 774 1619 non
803 1540 966 1620 docetur
992 1538 1068 1620 hoc
1095 1543 1216 1623 modo

57 1654 100 1732 in
119 1670 220 1745 arte,
242 1650 305 1729 sed
317 1648 542 1755 judicatur:
574 1679 667 1730 nam
686 1654 904 1732 enuntiatio
924 1651 1016 1733 falsa
1039 1680 1116 1733 non
1139 1657 1217 1733 mi-

57 1792 135 1845 nus
163 1764 322 1844 axioma
348 1762 417 1858 est,
438 1759 560 1870 qudm
578 1790 683 1856 vera,
705 1764 843 1843 cadem
871 1766 980 1845 enim
1006 1766 1216 1875 utrobique

55 1875 261 1986 dispofitio
281 1873 361 1953 est:
393 1902 471 1955 non
491 1874 599 1954 idem
626 1873 674 1953 de
702 1874 927 1984 syllogismo
955 1905 999 1957 ac
1026 1877 1216 1960 methodo

56 1988 142 2071 dici
162 1988 321 2097 poterit.

118 2098 286 2179 Axiam
311 2126 442 2178 verum
472 2097 534 2206 est,
554 2098 697 2208 quando
719 2100 944 2207 pronuntiat
970 2101 1032 2182 uti
1053 2131 1113 2182 res
1139 2104 1216 2213 est:

45 2210 213 2321 falstem,
232 2209 379 2291 contrd.

120 2324 188 2403 Sic
207 2324 315 2403 enim
337 2321 466 2416 Plato,
487 2322 526 2401 in
549 2320 723 2429 Cratylo.
782 2323 849 2402 Ad
866 2322 1066 2429 judicium
1086 2326 1218 2435 itaque

61 2434 308 2529 faciendum,
341 2461 418 2514 non
449 2432 571 2513 modd
602 2435 694 2513 artis
724 2434 973 2528 documenta,
1004 2435 1067 2516 sed
1099 2442 1220 2518 etiarn

64 2574 202 2627 rerum
231 2546 406 2657 ipsarum
439 2546 615 2653 cognitio
646 2547 888 2652 requiritur;
920 2549 1014 2655 quia
1048 2577 1107 2631 res
1142 2551 1221 2660 ipsa

63 2660 240 2739 veritatis
258 2686 397 2738 norma
416 2677 457 2737 et
476 2657 655 2737 mensura
674 2657 743 2736 est.

122 2770 288 2851 Axioma
306 2799 437 2850 verum
456 2769 504 2878 est
523 2770 734 2876 contingens
746 2786 816 2848 aut
834 2771 1083 2881 neceffzrium.
1124 2777 1222 2855 Con-

63 2883 228 2989 tingens,
247 2880 389 2991 quando
400 2882 463 2986 ſsc
480 2910 611 2962 verum
636 2881 698 2990 est,
720 2900 762 2961 ut
786 2883 980 2991 aliquando
991 2884 1139 2992 faffitm
1159 2885 1224 2995 ‘ff’

56 2993 182 3105 poffit·
246 2996 312 3089 Ut,
332 2992 506 3075 audentes
509 2993 679 3101 fortuna
686 2994 822 3100 juvat.

127 3108 264 3215 Itaque
289 3106 467 3187 veritatis
491 3103 602 3211 liujus
628 3106 871 3214 contragentis
889 3105 1089 3213 judicium,
1110 3106 1225 3214 opt'nio

65 3218 225 3300 dicitur.
286 3224 388 3328 Qae
414 3219 701 3328 praeteritorum
730 3239 769 3299 et
795 3218 1043 3328 praescntium
1070 3217 1225 3299 homini

64 3351 179 3411 certa
197 3328 271 3409 effe
291 3330 430 3441 potest,
452 3329 678 3410 futurorum
698 3359 769 3439 per
787 3351 966 3411 naturam
986 3358 1066 3410 non
1086 3331 1224 3412 admo-

67 3444 169 3523 dum
190 3442 330 3553 potest.
390 3444 481 3523 Deo
508 3462 642 3522 autem
668 3444 736 3522 etsi
764 3463 941 3551 tempora
968 3445 1102 3524 omnia
1130 3472 1227 3553 prae-

67 3556 194 3634 sentia
227 3582 306 3635 non
337 3554 438 3648 sunt,
471 3573 516 3634 ut
546 3554 668 3662 vulgd
699 3575 902 3665 receptum
935 3554 1004 3648 est,
1030 3555 1228 3665 prasentia
1333 3648 1336 3655 ,

67 3668 183 3747 enim
208 3684 361 3747 mutare
388 3666 529 3777 potest,
549 3668 741 3775 praetcrita
766 3695 843 3747 non
869 3669 981 3761 item,
1005 3669 1142 3775 opinio
1169 3688 1227 3747 ta-

70 3805 166 3858 men
187 3779 229 3856 in
245 3780 383 3859 Deum
403 3806 482 3858 non
495 3780 613 3873 cadit,
628 3779 721 3887 quia
741 3807 810 3889 per
828 3779 958 3860 causas
972 3807 1080 3886 aeque
1094 3782 1228 3860 omnia

69 3890 289 3996 cognoscit.

132 4003 197 4082 De
237 4001 557 4110 contingentibus
595 4020 743 4095 autem,
780 4002 981 4110 praeteritis
1018 4004 1155 4096 etiam,
1191 4024 1230 4084 ct

72 4112 325 4225 praesentibus
345 4112 567 4195 humanum
580 4114 780 4220 judicium
794 4134 901 4194 certa
916 4115 1078 4224 quidem
1095 4119 1231 4224 opinio

73 4228 235 4320 dicitur,
250 4254 329 4306 non
346 4245 479 4306 tamen
500 4226 681 4307 scientia:
713 4254 757 4305 ea
777 4228 884 4306 enim
905 4256 955 4307 cx
975 4230 1231 4335 argumentis,

72 4366 248 4448 quorum
276 4340 332 4419 est
358 4337 616 4419 immutabilis
643 4338 814 4433 affectio,
835 4341 983 4434 oritur;
1014 4340 1233 4445 cujusmodi
