2956 4980
162 166 271 310 326'
376 190 538 293 Literae
562 183 758 286 Oliverii
781 184 1087 283 Protedtoriu‘

158 363 226 444 illa
254 366 361 448 navis
382 365 635 475 Neapolitana
660 362 843 444 reddatur
861 391 984 472 quam
1009 359 1161 442 constat
1187 358 1302 440 libero

159 479 260 558 mari
279 498 452 589 captam,
469 478 539 557 ubi
558 479 646 587 capi
666 477 793 556 licuit.
854 477 915 555 Ita
930 474 1052 554 nostri
1072 474 1210 553 multis
1224 499 1327 569 mos

159 588 219 669 dis
245 590 531 672 incommodati
562 591 640 671 fine
667 588 737 668 illo
765 605 1007 681 commeatu,
1027 613 1153 695 quem
1173 612 1305 665 nume

159 703 241 782 rati
260 703 428 812 pecunid
447 719 686 795 coemerant,
698 699 804 780 abire
819 699 950 780 denuo
969 717 1180 807 coguntur.
1217 696 1307 776 Haec

160 813 188 892 fi
210 815 460 895 Celsrtudinis
479 814 611 895 vestrae
628 814 827 894 voluntate
854 841 899 893 ac
919 811 1024 919 juffu
1049 809 1160 919 quod
1187 807 1307 917 spera·

162 953 251 1006 mus
284 955 362 1007 non
393 925 509 1020 fiunt,
534 928 705 1035 petimus
736 924 776 1003 id
807 924 984 1005 ostendat
1010 920 1184 1032 praefedii
1211 920 1308 1009 illius

162 1036 369 1147 supplicio,
384 1039 455 1145 qui
469 1039 661 1117 amicitias
678 1037 848 1117 Domini
864 1036 922 1116 sui
937 1034 1084 1116 violare
1100 1052 1185 1114 tam
1200 1031 1308 1114 facile

162 1150 203 1227 in
235 1152 416 1229 animum
446 1150 631 1235 induxit:
669 1149 723 1229 fin
754 1148 810 1228 est
840 1166 885 1228 ut
914 1147 1057 1232 sciente
1087 1173 1134 1225 ac
1160 1146 1308 1225 volente

162 1260 286 1341 vestra
316 1261 558 1342 Celfitudine
592 1260 795 1344 commissa
823 1258 905 1345 haec
934 1261 1022 1352 fint,
1051 1258 1204 1366 cogitet
1232 1285 1309 1351 nos,

163 1391 208 1452 ut
232 1373 546 1454 benevolentiam
570 1374 738 1454 vestram
762 1372 924 1481 plurimi
952 1372 1105 1479 semper
1133 1366 1309 1462 fecimus,

163 1504 241 1676 rtaff
240 1507 391 1596 apertas
421 1486 579 1592 injurias
605 1482 627 1564 ὲ
654 1484 924 1569 benevolentia
953 1481 1182 1591 dignoscere
1212 1481 1309 1564 didi·

163 1625 201 1677 cr
231 1627 266 1677 e.

251 1721 558 1831 Westmonasterio
576 1750 621 1802 ex
640 1722 749 1802 Aula
766 1720 903 1830 nostra,

353 1835 461 1914 Maii
474 1834 533 1914 die
549 1837 632 1913 An.
659 1832 779 1940 1658.

503 1945 641 2026 Vester
660 1943 788 2054 quoad
808 1943 902 2023 licet
920 1943 1046 2024 bonus
1065 1943 1219 2023 amicus

449 2057 641 2141 Oltberius
661 2060 863 2139 Protettor
882 2057 1002 2166 Reip.
1023 2055 1196 2164 Angliae,
1209 2057 1284 2136 &e

198 2429 400 2510 Oliverius
423 2431 622 2512 Protedior
641 2429 749 2541 Repo.
771 2430 941 2538 Angliae,
963 2428 1041 2510 &a
1064 2426 1284 2534 Serenifflmo

163 2568 178 2589 ·
229 2541 541 2655 Potentfflmoque
560 2542 738 2652 Prncpi
754 2541 960 2623 Ludovico
983 2541 1122 2623 Galliae
1142 2540 1253 2649 Regi.

168 2714 413 2797 Sereniffime
434 2715 783 2825 Potentiflimeque
805 2717 911 2812 Rex,
931 2719 1076 2801 Amice

296 2853 342 2905 ac
363 2828 566 2908 Foederate
587 2828 892 2935 Augustiffime;

265 2949 360 3030 Ubd
385 2969 467 3031 tam
491 2951 670 3032 celeriter
689 2951 829 3032 illustri
849 2951 962 3032 missa
982 2953 1200 3059 Legatione
1220 2954 1317 3032 Ma-

280 3061 398 3171 jeslas
419 3063 549 3172 Vestra
576 3091 714 3143 meum
738 3065 917 3148 officium
935 3064 1099 3146 cumulo
1119 3064 1315 3174 rependit,

162 3168 259 3252 cbm
278 3176 513 3283 fingularem
533 3176 832 3283 benignitatem,
849 3177 1050 3285 animique
1070 3176 1314 3284 magnitudie

162 3312 256 3366 nem
276 3287 410 3369 testata
429 3288 484 3367 est
503 3288 626 3380 suam,
641 3308 728 3368 tum
749 3316 840 3368 meo
859 3290 980 3368 etiam
1000 3286 1142 3368 honori
1160 3317 1207 3369 ac
1225 3288 1318 3396 dig-

163 3398 276 3480 nitati
295 3419 536 3508 quantopere
556 3399 699 3492 faveat,
720 3427 797 3480 non
817 3398 920 3480 mihi
944 3397 1071 3480 solium
1089 3399 1318 3495 declaravit,

162 3534 299 3588 verum
329 3511 451 3589 etiam
479 3510 657 3591 universo
685 3513 834 3621 populo
858 3511 1106 3614 Anglicano:
1136 3540 1218 3620 quo
1241 3540 1318 3592 no-

163 3619 271 3702 mine
292 3620 491 3725 Majestati
511 3620 766 3732 Vestrae,pro
794 3652 842 3704 eo
866 3650 911 3702 ac
930 3624 978 3702 de
998 3651 1064 3703 me
1084 3625 1226 3704 merita
1244 3623 1317 3717 est,

162 3732 305 3840 gratias
324 3750 364 3812 et
382 3759 457 3840 ago
476 3752 516 3812 et
534 3730 660 3814 habeo
680 3736 887 3815 maximas.
928 3737 994 3815 De
1011 3735 1173 3815 vidioria
1192 3764 1320 3844 quam

162 3843 1318 3954 ‚conjunctisnostriscopiisDeuscontrahostesfeliciffimam

162 3956 285 4051 dedit,
305 3957 507 4039 vobiscum
532 3955 610 4039 und
634 3960 764 4053 laetor3
795 3959 1018 4067 nostrosque
1046 3959 1088 4040 in
1111 3988 1159 4039 eo
1179 3960 1317 4068 praelio

163 4095 292 4177 neque
309 4067 483 4151 subfidiis
500 4071 650 4165 vestris,
671 4099 799 4179 neque
826 4072 1022 4179 majorum
1050 4070 1209 4151 suorum
1228 4071 1318 4151 bel-

162 4181 245 4267 licae
265 4180 413 4290 gloriar,
429 4209 557 4290 neque
575 4182 648 4262 suae
666 4183 838 4291 denique
854 4185 990 4264 virtuti
1010 4183 1179 4292 pristinae
1197 4182 1318 4264 defu·

163 4294 230 4373 iffe
250 4289 575 4403 perquimetiam
594 4314 752 4403 gratum
767 4296 835 4375 est.
877 4299 943 4376 De
956 4295 1179 4390 Dunkirka,
1192 4324 1318 4405 quam

162 4405 353 4488 deditioni
369 4407 596 4516 proximam
607 4406 789 4518 Majastas
803 4409 932 4516 Vestra
951 4409 1099 4518 sperare
1115 4407 1153 4489 se
1169 4409 1318 4531 scribit,
