2956 4980
275 242 329 323 66
683 233 810 327 Artis
836 229 1020 361 Logicae
1217 222 1323 323 Lib.
1349 264 1383 318 r.

277 403 415 509 majus.
477 406 559 486 Htc
582 408 826 515 comparatio
846 402 1117 486 Grammatica
1137 401 1278 512 potius,
1307 399 1356 479 ad
1383 398 1419 477 id

275 518 383 625 quod
403 521 546 624 arguit,
563 518 744 612 refertur,
760 547 903 629 nempe
922 520 970 599 ad
991 518 1121 597 minus
1137 516 1312 607 malum3
1335 540 1418 621 par·

277 630 398 709 ticula
417 629 528 739 quim
547 631 595 710 ad
615 633 654 711 id
676 631 842 711 refertur
861 630 967 740 quod
992 630 1184 737 arguitur,
1209 653 1353 735 nempe
1375 624 1419 704 ad

277 742 402 848 majus
421 745 587 823 malum.
648 745 712 824 Sic
736 746 869 825 maluit
887 744 1066 825 Metellus
1091 740 1134 821 de
1158 738 1289 849 repub.
1317 734 1420 847 quim

275 852 319 933 de
332 855 523 961 sententia
537 857 617 963 stra
639 856 828 937 dimoveri.
888 856 971 935 Htc
989 853 1137 947 maluit,
1161 852 1329 933 verbum
1348 850 1421 929 ela-

277 969 408 1061 tionis,
433 967 600 1050 refertur
627 971 675 1049 ad
695 969 735 1048 id
755 968 863 1078 quod
885 970 1029 1077 arguit,
1056 994 1199 1077 nempe
1222 964 1271 1043 ad
1295 962 1422 1042 minus

276 1079 443 1173 malum,
457 1082 609 1187 judicio
629 1082 793 1175 Metelli,
816 1081 865 1160 de
885 1110 967 1189 rep.
988 1080 1203 1174 dimoveri3
1234 1074 1423 1187 particula

275 1189 386 1300 quim
405 1193 453 1273 ad
473 1194 511 1273 id
532 1192 699 1275 refertur
717 1194 824 1304 quod
844 1194 969 1300 majus
988 1194 1139 1272 malurn
1158 1192 1354 1298 arguitur,
1365 1187 1423 1267 di·

276 1306 428 1384 moveri
447 1306 496 1385 de
516 1306 716 1388 sententia.
778 1308 842 1385 Sic
868 1308 911 1385 in
933 1307 980 1385 iis
1007 1306 1109 1385 notis
1133 1332 1220 1412 quae
1245 1298 1422 1382 summis·

275 1417 422 1498 fionem
443 1417 671 1526 fignificant,
687 1419 878 1528 particula
896 1417 1006 1529 quim
1022 1416 1186 1497 refertur
1204 1413 1360 1523 semper
1378 1412 1424 1493 ad

275 1530 401 1635 majus
420 1533 528 1639 quod
547 1534 738 1640 arguitur,
758 1559 838 1611 non
855 1531 961 1611 secus
981 1550 1097 1639 atque
1117 1529 1158 1607 in
1177 1528 1225 1608 iis
1243 1554 1334 1635 quae
1354 1526 1424 1634 fig·

277 1642 437 1722 nificant
456 1644 686 1725 elationem:
714 1662 773 1737 ut,
786 1644 906 1724 minus
924 1644 972 1753 cll
990 1642 1171 1751 accipere,
1183 1638 1296 1750 quim
1315 1636 1423 1729 clare3

276 1754 433 1862 irfferior
452 1756 500 1864 est
518 1757 649 1863 Cresar
667 1756 778 1867 qubm
799 1756 934 1866 Scipio.

334 1868 412 1947 His
439 1870 541 1949 notis
567 1871 693 1951 affinis
718 1869 774 1949 est
798 1888 1010 1978 antequam,
1031 1868 1059 1945 i.
1080 1894 1116 1944 e.
1137 1864 1423 1974 potiusquam.

278 1977 356 2058 Pro
376 1981 545 2060 Ms'lone:
581 1985 732 2064 Utinam
757 1981 907 2062 Clodius
928 1980 1089 2061 dillator
1107 1976 1203 2087 effet,
1229 1995 1425 2087 antequam

274 2090 600 2197 lsocspec‘laculum
619 2095 794 2176 viderem.

331 2204 469 2286 Tertia
489 2227 581 2288 nota
601 2208 657 2287 est
675 2206 758 2289 ciem
777 2225 883 2285 tum:
924 2232 938 2282 r
966 2205 1065 2310 Agr.
1087 2230 1170 2311 qua
1187 2200 1271 2281 ciam
1293 2200 1423 2282 omnib.

276 2315 325 2424 est
342 2316 500 2426 dffcilis
525 2339 562 2400 et
579 2349 718 2427 magna
732 2319 847 2411 ratio,
870 2334 950 2397 tum
968 2344 1058 2396 vero
1080 2312 1174 2394 mibi
1186 2329 1339 2422 prater
1355 2343 1426 2394 cae·

275 2447 386 2510 teras.

332 2543 558 2649 Sequuntur
587 2544 812 2653 negationes
841 2542 996 2650 parium
1026 2539 1068 2619 in
1095 2537 1168 2617 hac
1196 2535 1327 2617 forma
1356 2564 1427 2617 ex·

275 2652 433 2758 plicata.
494 2659 685 2751 nontam,
699 2655 823 2765 quim.
856 2653 977 2734 Catil.
993 2678 1030 2733 2.
1060 2653 1281 2759 Quanquam
1297 2649 1360 2729 illi
1366 2650 1432 2760 qui

278 2766 482 2846 Catilinam
502 2768 703 2874 Mafflliam
714 2768 971 2859 irediblitont,
985 2794 1053 2843 non
1072 2783 1149 2843 tam
1167 2763 1248 2842 bac
1265 2790 1427 2871 querun-

274 2893 356 2971 tur,
374 2878 484 2990 qucim
502 2901 696 2961 verentur.
729 2881 793 2961 Sic
812 2910 880 2960 non
900 2896 969 2971 tot,
990 2896 1102 2986 quot:
1133 2902 1204 2983 pro
1221 2876 1428 2967 Muraena‚·

275 2991 385 3096 Qud
407 2992 500 3073 enim
509 2994 678 3105 fretum,
703 3023 806 3103 quem
832 2991 1018 3099 Euripum
1048 3007 1103 3069 tot
1125 3003 1257 3079 motus,
1280 3003 1427 3079 tantas,

276 3122 354 3182 tam
373 3107 506 3185 varias
519 3107 653 3187 habere
666 3106 815 3214 putatis
833 3102 1053 3211 agitationes
1058 3100 1276 3209 stulluum3
1307 3128 1430 3209 quan-

279 3232 340 3293 tas
353 3218 654 3323 perturbationes
671 3238 708 3298 et
727 3234 881 3327 quantos
899 3214 1006 3323 cestus
1023 3212 1134 3293 babet
1152 3209 1251 3290 ratio
1266 3212 1431 3293 comitio-

278 3326 397 3404 raon?
452 3329 499 3407 In
531 3329 607 3411 hoc
639 3330 825 3439 exemplo
853 3326 1108 3433 interrogatio
1140 3324 1279 3405 fortius
1311 3342 1432 3433 negat

306 3466 398 3517 arra.

277 3464 304 3544 p
335 3550 378 3629 N
383 3579 458 3630 unc
478 3552 527 3631 ad
545 3556 729 3663 exempla
750 3555 884 3633 formae
910 3550 986 3630 fine
1013 3549 1116 3629 notis
1136 3546 1343 3656 explicatae
1361 3575 1430 3627 ve-

278 3660 445 3743 niamus.
479 3664 559 3744 Cic.
578 3667 658 3775 Off.
682 3695 716 3745 1.
741 3670 845 3773 Ergo
864 3663 988 3775 hssrio
1007 3664 1072 3743 laoc
1089 3658 1229 3740 videbit
1247 3658 1429 3766 inscena,

276 3800 346 3852 non
365 3775 663 3886 videbitstspiens
682 3780 720 3858 in
739 3779 837 3859 vita.
888 3779 1023 3883 Atque
1038 3772 1132 3853 hinc
1150 3773 1272 3852 etiarn
1289 3770 1430 3851 conse-

276 3889 444 3989 quentiae
458 3888 655 3971 ducuntur
672 3919 749 3971 non
768 3887 894 3970 solum
909 3886 1140 3968 affirmando
1154 3902 1193 3964 et
1210 3884 1430 3994 probando,

277 4016 321 4076 ut
340 4000 425 4077 vult
444 4002 565 4110 Arist.
589 4001 711 4082 Rhet.
730 4029 768 4082 2.
794 4029 860 4109 23.
883 4022 923 4082 et
945 4001 1026 4080 Cic.
1049 4001 1088 4078 in
1111 3992 1202 4106 Tap.
1223 3995 1431 4078 sedetiam

275 4110 454 4216 negando
474 4132 513 4191 et
531 4114 762 4195 refutando:
814 4117 855 4194 Si
874 4114 1039 4222 quidem
1064 4109 1141 4190 hoc
1163 4110 1212 4189 de
1238 4106 1429 4218 exemplo

275 4246 353 4299 non
374 4224 514 4303 eodem
542 4226 799 4334 intelligitur:
832 4229 886 4307 sm
910 4227 958 4305 de
978 4225 1134 4315 eodem,
1155 4241 1243 4302 tum
1261 4222 1428 4329 quidem

276 4335 338 4413 vel
364 4333 490 4415 solum
514 4338 758 4433 affirmand0,
778 4340 840 4419 vel
866 4335 993 4418 solirm
1013 4335 1192 4443 negando
1212 4332 1318 4415 reete
1339 4360 1430 4445 pro-

275 4449 440 4638 {editupi
513 4449 750 4531 Affirmandi
786 4453 1019 4560 exemplum
1058 4448 1115 4527 est
1150 4446 1266 4528 ovid.
1308 4472 1345 4527 r.
1380 4446 1429 4527 de

318 4586 406 4639 eme
440 4621 447 4635 .
