2956 4980
254 285 336 361 4¹2
553 238 845 338 Prolufiones
872 243 1111 338 Oratoriae.

255 443 377 525 quam
394 415 441 495 ab
454 415 671 495 innumeris
687 414 965 523 imperitorum
978 414 1195 507 Centuriis,
1208 414 1249 495 in
1265 414 1409 523 quibus

255 526 356 607 nihil
387 529 545 622 mentis,
570 523 670 605 nihil
695 528 808 606 retrae
833 527 1007 621 rationis,
1033 524 1133 605 nihil
1161 526 1241 607 sani
1266 527 1410 633 judicii

254 639 366 734 inest,
393 638 598 719 ebullienti
623 637 794 746 quadam
818 658 859 717 et
881 636 996 747 plane
1016 637 1178 719 ridenda
1195 639 1410 720 verborum

256 750 394 860 spumd
423 751 499 831 sese
527 749 841 843 vendicantibus;
872 745 1064 857 ”aquibus
1089 751 1116 829 si
1141 752 1409 832 emendicatos

257 862 306 942 ab
339 863 498 943 novitiis
525 859 772 941 Authoribus
802 879 985 941 centones
1014 862 1243 971 dempseris,
1271 865 1411 943 Deum

258 973 553 1055 immortalem!
583 992 732 1082 quanto
751 973 933 1053 nudiores
945 971 1125 1054 Leberide
1143 973 1408 1084 conspexeris,

257 1106 297 1166 et
315 1083 502 1165 exhausta
521 1086 627 1164 inani
647 1085 931 1166 vocabulorum
949 1103 988 1165 et
1007 1085 1409 1166 sententiuncularum

257 1197 509 1306 supellectile,
522 1191 607 1306 μηδῖ
625 1194 690 1303 γρῦ
708 1192 932 1300 φθέγγεσθαι,
953 1199 1113 1306 perinde
1131 1217 1264 1278 mutos
1280 1226 1326 1278 ac
1348 1227 1410 1278 ra-

256 1309 429 1389 nuncula
457 1307 648 1417 Seriphia.
709 1310 766 1387 At
792 1310 817 1388 ὂ
844 1336 965 1416 quarn
988 1337 1087 1417 aegre
1114 1328 1355 1419 temperaret
1388 1308 1410 1389 ὲ

257 1422 334 1502 risu
354 1422 417 1501 vel
436 1420 530 1531 ipse,
544 1421 572 1501 fi
588 1422 629 1499 in
644 1421 742 1499 vivis
757 1420 863 1513 esset,
876 1422 1111 1516 Heraclitus,
1125 1423 1152 1500 fi
1169 1420 1271 1501 sorte
1291 1420 1408 1502 hosce

257 1551 446 1628 cerneret,
467 1533 598 1612 fiDiis
618 1532 760 1643 placet,
776 1533 1045 1628 Oratorculos,
1060 1562 1159 1642 quos
1177 1535 1299 1643 paulo
1317 1554 1409 1615 ante

257 1646 450 1726 audiverit
468 1642 701 1725 cothurnato
723 1643 915 1753 Euripidis
937 1644 1075 1752 Oreste,
1101 1664 1169 1725 aut
1190 1642 1409 1732 furibundo

257 1757 327 1837 sub
347 1777 518 1837 mortem
538 1757 705 1836 Hercule
727 1757 935 1864 grandiora
957 1761 1188 1850 crustantes,
1214 1755 1408 1838 exhausto

257 1870 415 1948 tandem
433 1869 663 1948 vocularum
682 1867 928 1977 quarundam
948 1869 1170 1948 tenuiffimo
1188 1897 1312 1977 penu,
1332 1898 1409 1979 po-

257 1980 327 2059 fito
346 1979 526 2059 incedere
546 1979 767 2088 supercilio,
791 2000 858 2059 aut
878 1981 1051 2060 retractis
1070 1980 1281 2060 introrsum
1302 1982 1407 2061 Cor·

256 2091 500 2186 nibus,velut
508 2092 741 2171 animalcula
752 2091 932 2199 quaedam
943 2092 1141 2200 abrepere.
1173 2093 1248 2172 Sed
1256 2094 1409 2203 recipio

255 2232 321 2284 me
339 2203 548 2313 paululum
563 2201 764 2310 digressus.
801 2204 843 2281 Si
861 2205 950 2312 quis
969 2204 1091 2311 igitur
1105 2204 1260 2313 estqui,
1279 2204 1407 2314 spreta

254 2320 360 2425 pacis
377 2315 617 2412 conditione,
627 2310 791 2398 ἄσπονδον
810 2311 959 2425 πολέμιον
974 2313 1077 2396 mihi
1090 2317 1293 2411 indixerit,
1310 2345 1407 2397 eum

254 2455 330 2535 ego
347 2428 510 2534 quidem
530 2428 570 2505 in
587 2426 783 2535 praesentia
804 2455 881 2507 non
897 2426 1138 2535 dedignabor
1151 2457 1261 2508 orare
1278 2448 1319 2509 et
1339 2457 1405 2509 ro-

255 2566 362 2646 gare,
387 2559 431 2618 ut
456 2537 601 2618 semoti
623 2537 817 2647 paulisper
847 2537 1055 2632 simultate,
1082 2539 1283 2648 aequabilis
1308 2541 1407 2621 adfit

254 2651 477 2730 certaminis
496 2647 611 2754 hujus
630 2652 797 2745 arbiter;
817 2677 915 2729 neve
929 2652 1107 2732 Oratoris
1126 2652 1257 2760 culpa,
1277 2653 1307 2732 fi
1325 2681 1406 2762 qua

251 2763 321 2857 est,
340 2760 508 2840 Causam
524 2790 646 2869 quam
664 2765 858 2870 optimam
876 2781 916 2841 et
931 2763 1255 2871 praeclarissimam
1275 2766 1318 2844 in
1338 2769 1404 2845 in-

254 2875 401 2954 vidiam
429 2891 554 2954 vocet.
616 2875 738 2986 Qod
772 2875 798 2953 fi
830 2875 1072 2954 rnordaciora
1101 2877 1222 2985 paulo
1248 2874 1331 2957 haec
1363 2898 1405 2959 et

254 3007 364 3066 aceto
380 2985 533 3094 perfusa
548 2986 673 3064 nimio
688 2987 930 3093 putaveritis,
945 2989 984 3065 id
1001 2986 1129 3094 ipsum
1149 2988 1197 3067 dc
1214 2990 1405 3070 industria

252 3096 381 3177 fecisse
402 3127 467 3177 me
486 3096 695 3208 profiteor:
723 3098 812 3178 volo
831 3100 939 3177 enim
960 3118 1004 3178 ut
1023 3101 1183 3180 initium
1198 3103 1404 3183 Orationis

254 3238 350 3289 meae
369 3211 588 3318 primulum
609 3210 788 3289 imitetur
806 3210 1052 3306 diluculum3
1083 3240 1134 3290 ex
1153 3240 1234 3321 quo
1254 3212 1404 3294 subnu-

252 3322 334 3401 bilo
363 3321 595 3402 sereniffima
627 3321 707 3402 sere
734 3321 899 3401 nascitur
922 3322 1018 3403 dies.
1078 3326 1177 3433 Qae
1205 3352 1255 3403 an
1284 3330 1401 3407 noste

250 3434 489 3539 praestantior
506 3435 565 3527 srt,
583 3431 688 3513 haud
703 3435 875 3542 vulgaris
892 3437 1027 3542 utique
1043 3438 1211 3543 agitatur
1225 3437 1402 3518 Contro-

249 3545 383 3636 verfia,
400 3572 520 3650 quam
540 3546 703 3651 quidem
723 3575 901 3625 mearum
919 3574 1023 3627 nunc
1039 3549 1095 3627 est
1110 3549 1299 3658 partium,
1311 3553 1402 3631 Au-

248 3654 407 3749 ditores,
421 3656 606 3765 pcnsrque
622 3652 737 3761 hujus
752 3659 951 3752 matutini,
969 3680 1145 3740 accurate
1159 3680 1198 3740 et
1213 3661 1402 3743 radicitus

249 3787 456 3862 excutere3
477 3769 656 3876 quamvis
676 3787 716 3846 et
734 3766 817 3847 haec
837 3770 1054 3850 Prolufioni
1076 3773 1256 3867 Poeticae,
1276 3802 1401 3882 quam

176 3953 177 3956 ,
251 3881 521 3959 Decertationi
539 3880 742 3975 Oratoriae,
759 3882 884 3989 magis
895 3882 1072 3962 videatur
1091 3886 1254 3965 idonea:
1287 3888 1346 3966 At
1361 3911 1402 3968 at

252 3989 458 4071 nodte‘mne
474 3993 559 4071 dixi
576 4020 670 4071 cum
689 3993 752 4072 die
773 3993 948 4073 struxisse
968 3994 1083 4075 lites?
1116 3997 1228 4109 Qid
1244 3997 1322 4077 hoc
1342 4001 1401 4079 rei

249 4103 331 4182 est?
360 4131 540 4210 quaenam
565 4103 646 4183 haec
667 4106 849 4185 molitio?
879 4133 1069 4186 numnam
1101 4111 1310 4218 antiquum
1336 4113 1399 4193 Ti-

248 4233 353 4295 tanes
372 4217 636 4322 redintegrant
652 4216 816 4310 bellum,
831 4217 1028 4324 Phlegraei
1038 4221 1161 4328 praelii
1181 4222 1398 4303 instauran-

249 4345 305 4405 tes
323 4327 534 4435 reliquias?
565 4355 612 4405 an
633 4347 732 4407 terra
753 4356 894 4408 novam
915 4332 956 4408 in
976 4328 1131 4440 superos
1150 4335 1259 4415 Deos
1279 4338 1398 4417 enixa

246 4437 301 4515 est
312 4437 539 4545 portentosae
553 4440 834 4544 magnitudinis
851 4441 1028 4550 prolem?
1046 4462 1096 4523 'an
1110 4473 1202 4525 vero
1215 4444 1400 4557 Typhoeus
